,RA,CODTURMA,DISCIPLINA,CURSO_TURMA,CURSO_ALUNO,STATUSRES,P1/AP1,P2/AP2,TRABALHO/AP3,ESPECIAL (SUBSTITUTIVA)/MP,MF,MEDIA FINAL/AS,TFALTAS,Total Geral,PERÍODO,TIPO,ENTRADA_x,SEM,SEM_R,SEM_D,SEMESTRE,ENTRADA_y
0,1811562565,01 1CALC-MT2,Cálculo,Ciências Econômicas,Ciências Econômicas,REN - Reprovado por Nota,0,3.6,6,3.1,3.1,0,0,,2018.1,MT,2018.1,0,0,0,1,2018.1
1,1811562586,01 1CALC-MT1,Cálculo,Administração,Administração,REN - Reprovado por Nota,4.9,4.5,8,5.7,5.7,3.4,2,,2018.1,MT,2018.1,0,0,0,1,2018.1
2,1811562591,01 1CALC-MT1,Cálculo,Administração,Administração,REN - Reprovado por Nota,6,3.7,7,5.5,5.6,4.1,2,,2018.1,MT,2018.1,0,0,0,1,2018.1
3,1811562595,01 1CALC-MT1,Cálculo,Administração,Administração,REN - Reprovado por Nota,5.9,3.2,5,4.7,5.3,5,0,,2018.1,MT,2018.1,0,0,0,1,2018.1
4,1811562596,01 1CALC-MT1,Cálculo,Administração,Administração,APM - Aprovado por média,8.3,6.4,7.5,7.4,7.4,0,0,,2018.1,MT,2018.1,0,0,0,1,2018.1
5,1811562597,01 1CALC-MT1,Cálculo,Administração,Administração,REN - Reprovado por Nota,4.6,4,7,5.1,5.1,2.6,2,,2018.1,MT,2018.1,0,0,0,1,2018.1
6,1811562609,01 1CALC-MT1,Cálculo,Administração,Administração,APM - Aprovado por média,5.7,6.7,7.5,6.6,7,6.8,0,,2018.1,MT,2018.1,0,0,0,1,2018.1
7,1811562610,01 1CALC-MT1,Cálculo,Administração,Administração,REN - Reprovado por Nota,4.6,2,6,4.1,4.1,1.6,0,,2018.1,MT,2018.1,0,0,0,1,2018.1
8,1811562612,01 1CALC-MT1,Cálculo,Administração,Administração,APM - Aprovado por média,6.1,3.3,9,6,7.6,7.8,2,,2018.1,MT,2018.1,0,0,0,1,2018.1
9,1811562614,01 1CALC-MT1,Cálculo,Administração,Administração,REN - Reprovado por Nota,5.2,4.3,8,5.7,5.7,2.9,0,,2018.1,MT,2018.1,0,0,0,1,2018.1
10,1811562615,01 1CALC-MT1,Cálculo,Administração,Administração,APM - Aprovado por média,7.2,3.5,7,5.8,7,6.8,0,,2018.1,MT,2018.1,0,0,0,1,2018.1
11,1811562617,01 1CALC-MT1,Cálculo,Administração,Administração,REN - Reprovado por Nota,2.6,1.9,6,3.4,3.9,3.5,0,,2018.1,MT,2018.1,0,0,0,1,2018.1
12,1811562619,01 1CALC-MT1,Cálculo,Administração,Administração,REN - Reprovado por Nota,1,2.7,6,3.1,3.1,0,0,,2018.1,MT,2018.1,0,0,0,1,2018.1
13,1811562620,01 1CALC-MT1,Cálculo,Administração,Administração,REN - Reprovado por Nota,7.8,1.7,5.5,5,5.6,3.4,2,,2018.1,MT,2018.1,0,0,0,1,2018.1
14,1811562621,01 1CALC-MT1,Cálculo,Administração,Administração,REN - Reprovado por Nota,1.2,5,9,4.9,6.1,4.8,2,,2018.1,MT,2018.1,0,0,0,1,2018.1
15,1811562624,01 1CALC-MT1,Cálculo,Administração,Administração,REN - Reprovado por Nota,6.6,3.8,5,5.1,6,6.1,2,,2018.1,MT,2018.1,0,0,0,1,2018.1
16,1811562630,01 1CALC-MT1,Cálculo,Administração,Administração,APM - Aprovado por média,7.5,6.5,7,7,7,0,2,,2018.1,MT,2018.1,0,0,0,1,2018.1
17,1811562631,01 1CALC-MT1,Cálculo,Administração,Administração,APM - Aprovado por média,6.2,6.1,7.5,6.6,7,7.5,0,,2018.1,MT,2018.1,0,0,0,1,2018.1
18,1811562633,01 1CALC-MT1,Cálculo,Administração,Administração,APM - Aprovado por média,8.2,7,6,7.1,7.1,0,0,,2018.1,MT,2018.1,0,0,0,1,2018.1
19,1811562634,01 1CALC-MT1,Cálculo,Administração,Administração,APM - Aprovado por média,7.8,2,7.5,5.7,7,5.8,0,,2018.1,MT,2018.1,0,0,0,1,2018.1
20,1811562639,01 1CALC-MT1,Cálculo,Administração,Administração,APM - Aprovado por média,8,9,7,8,8,0,0,,2018.1,MT,2018.1,0,0,0,1,2018.1
21,1811562642,01 1CALC-MT1,Cálculo,Administração,Administração,REN - Reprovado por Nota,5.9,2.7,5.5,4.7,4.7,0,0,,2018.1,MT,2018.1,0,0,0,1,2018.1
22,1811562643,01 1CALC-MT1,Cálculo,Administração,Administração,REN - Reprovado por Nota,0,2.2,5,2.3,2.3,0,2,,2018.1,MT,2018.1,0,0,0,1,2018.1
23,1811562644,01 1CALC-MT1,Cálculo,Administração,Administração,REN - Reprovado por Nota,4.9,4.7,5.5,5,5,3.6,2,,2018.1,MT,2018.1,0,0,0,1,2018.1
24,1811562647,01 1CALC-MT2,Cálculo,Ciências Econômicas,Ciências Econômicas,REN - Reprovado por Nota,3.2,1.9,4,3,3,0.2,2,,2018.1,MT,2018.1,0,0,0,1,2018.1
25,1811562648,01 1CALC-MT2,Cálculo,Ciências Econômicas,Ciências Econômicas,REN - Reprovado por Nota,1,2.8,6,3.1,3.1,0,2,,2018.1,MT,2018.1,0,0,0,1,2018.1
26,1811562649,01 1CALC-MT2,Cálculo,Ciências Econômicas,Ciências Econômicas,REN - Reprovado por Nota,5.3,4.4,5,4.9,4.9,2.2,0,,2018.1,MT,2018.1,0,0,0,1,2018.1
27,1811562650,01 1CALC-MT2,Cálculo,Ciências Econômicas,Ciências Econômicas,APM - Aprovado por média,7.7,8.1,5,7,7,0,0,,2018.1,MT,2018.1,0,0,0,1,2018.1
28,1811562654,01 1CALC-MT2,Cálculo,Ciências Econômicas,Ciências Econômicas,REN - Reprovado por Nota,5.6,3.8,7,5.4,5.4,1.4,0,,2018.1,MT,2018.1,0,0,0,1,2018.1
29,1811562656,01 1CALC-MT2,Cálculo,Ciências Econômicas,Ciências Econômicas,REN - Reprovado por Nota,0,0,0,0,0,0,0,,2018.1,MT,2018.1,0,0,0,1,2018.1
30,1811562658,01 1CALC-MT2,Cálculo,Ciências Econômicas,Ciências Econômicas,APM - Aprovado por média,8.7,3.4,7,6.3,7.6,6.9,0,,2018.1,MT,2018.1,0,0,0,1,2018.1
31,1811562659,01 1CALC-MT2,Cálculo,Ciências Econômicas,Ciências Econômicas,REN - Reprovado por Nota,2,3,6,3.6,3.6,0.8,2,,2018.1,MT,2018.1,0,0,0,1,2018.1
32,1811562660,01 1CALC-MT2,Cálculo,Ciências Econômicas,Ciências Econômicas,APM - Aprovado por média,8.9,6.3,6,7.1,7.1,6.3,0,,2018.1,MT,2018.1,0,0,0,1,2018.1
33,1811562662,01 1CALC-MT2,Cálculo,Ciências Econômicas,Ciências Econômicas,APM - Aprovado por média,8.8,5.8,5.5,6.8,7,6.4,0,,2018.1,MT,2018.1,0,0,0,1,2018.1
34,1811562665,01 1CALC-MT2,Cálculo,Ciências Econômicas,Ciências Econômicas,APM - Aprovado por média,6.5,5.7,8,6.7,7,6.5,0,,2018.1,MT,2018.1,0,0,0,1,2018.1
35,1811562666,01 1CALC-MT2,Cálculo,Ciências Econômicas,Ciências Econômicas,REN - Reprovado por Nota,2.4,3.3,5.5,3.6,3.8,2.9,2,,2018.1,MT,2018.1,0,0,0,1,2018.1
36,1811562667,01 1CALC-MT2,Cálculo,Ciências Econômicas,Ciências Econômicas,REN - Reprovado por Nota,0,1.7,4,1.8,1.8,0,0,,2018.1,MT,2018.1,0,0,0,1,2018.1
37,1811562669,01 1CALC-MT2,Cálculo,Ciências Econômicas,Ciências Econômicas,APM - Aprovado por média,6.8,3.6,6,5.4,7,8,0,,2018.1,MT,2018.1,0,0,0,1,2018.1
38,1811562673,01 1CALC-MT2,Cálculo,Ciências Econômicas,Ciências Econômicas,REN - Reprovado por Nota,2.8,4.4,6,4.3,5.3,5.5,0,,2018.1,MT,2018.1,0,0,0,1,2018.1
39,1811562674,01 1CALC-MT2,Cálculo,Ciências Econômicas,Ciências Econômicas,REN - Reprovado por Nota,3,3.6,6,4.1,4.4,3.9,0,,2018.1,MT,2018.1,0,0,0,1,2018.1
40,1811562676,01 1CALC-MT2,Cálculo,Ciências Econômicas,Ciências Econômicas,REN - Reprovado por Nota,3.8,3.4,7.5,4.8,5.2,4.7,0,,2018.1,MT,2018.1,0,0,0,1,2018.1
41,1811562678,01 1CALC-MT2,Cálculo,Ciências Econômicas,Ciências Econômicas,APM - Aprovado por média,6.6,8.2,6,7,7,0,0,,2018.1,MT,2018.1,0,0,0,1,2018.1
42,1811562685,01 1CALC-MT2,Cálculo,Ciências Econômicas,Ciências Econômicas,REN - Reprovado por Nota,1,1.8,4,2.2,2.2,0,0,,2018.1,MT,2018.1,0,0,0,1,2018.1
43,1811562686,01 1CALC-MT2,Cálculo,Ciências Econômicas,Ciências Econômicas,REN - Reprovado por Nota,4.9,4.6,7,5.4,5.6,5.1,0,,2018.1,MT,2018.1,0,0,0,1,2018.1
44,1811562688,01 1CALC-MT2,Cálculo,Ciências Econômicas,Ciências Econômicas,REN - Reprovado por Nota,3.5,3,6,4.1,4.1,1.7,0,,2018.1,MT,2018.1,0,0,0,1,2018.1
45,1811562689,01 1CALC-MT2,Cálculo,Ciências Econômicas,Ciências Econômicas,APM - Aprovado por média,9.2,7.1,9,8.4,8.6,7.6,0,,2018.1,MT,2018.1,0,0,0,1,2018.1
46,1811562757,01 1CALC-MT1,Cálculo,Administração,Administração,REN - Reprovado por Nota,1.8,1.9,5.5,3,3,0,2,,2018.1,MT,2018.1,0,0,0,1,2018.1
47,1811562758,01 1CALC-MT1,Cálculo,Administração,Administração,APM - Aprovado por média,9.3,2.9,6,6.1,7,5.5,2,,2018.1,MT,2018.1,0,0,0,1,2018.1
48,1811562759,01 1CALC-MT1,Cálculo,Administração,Administração,REN - Reprovado por Nota,3.9,1.8,3.5,3,3.1,2,2,,2018.1,MT,2018.1,0,0,0,1,2018.1
49,1811562761,01 1CALC-MT1,Cálculo,Administração,Administração,REN - Reprovado por Nota,6.1,3.1,7,5.3,5.9,4.8,0,,2018.1,MT,2018.1,0,0,0,1,2018.1
50,1811562762,01 1CALC-MT1,Cálculo,Administração,Administração,APM - Aprovado por média,7.5,9.3,9,8.6,8.6,0,0,,2018.1,MT,2018.1,0,0,0,1,2018.1
51,1811562763,01 1CALC-MT1,Cálculo,Administração,Administração,APM - Aprovado por média,6.6,4.7,7.5,6.2,7,6.9,2,,2018.1,MT,2018.1,0,0,0,1,2018.1
52,1811562764,01 1CALC-MT1,Cálculo,Administração,Administração,REN - Reprovado por Nota,5.6,3.2,8,5.5,6.4,5.8,0,,2018.1,MT,2018.1,0,0,0,1,2018.1
53,1811562767,01 1CALC-MT1,Cálculo,Administração,Administração,REN - Reprovado por Nota,0.1,1.7,5.5,2.3,3.3,3.1,4,,2018.1,MT,2018.1,0,0,0,1,2018.1
54,1811562768,01 1CALC-MT1,Cálculo,Administração,Administração,APM - Aprovado por média,8.6,8.2,8,8.3,8.3,0,0,,2018.1,MT,2018.1,0,0,0,1,2018.1
55,1811562775,01 1CALC-MT2,Cálculo,Ciências Econômicas,Ciências Econômicas,REN - Reprovado por Nota,4.7,3.9,5,4.5,4.8,4.6,0,,2018.1,MT,2018.1,0,0,0,1,2018.1
56,1811562776,01 1CALC-MT2,Cálculo,Ciências Econômicas,Ciências Econômicas,REN - Reprovado por Nota,4.5,2.1,4,3.5,3.9,3.3,0,,2018.1,MT,2018.1,0,0,0,1,2018.1
57,1811562778,01 1CALC-MT2,Cálculo,Ciências Econômicas,Ciências Econômicas,REN - Reprovado por Nota,3.6,4.1,3,3.6,3.8,4.1,0,,2018.1,MT,2018.1,0,0,0,1,2018.1
58,1811562779,01 1CALC-MT2,Cálculo,Ciências Econômicas,Ciências Econômicas,REN - Reprovado por Nota,2.8,1.9,7,3.8,3.8,0,0,,2018.1,MT,2018.1,0,0,0,1,2018.1
59,1811562782,01 1CALC-MT2,Cálculo,Ciências Econômicas,Ciências Econômicas,APM - Aprovado por média,4.3,7.9,9,7,7,2.8,0,,2018.1,MT,2018.1,0,0,0,1,2018.1
60,1811562783,01 1CALC-MT2,Cálculo,Ciências Econômicas,Ciências Econômicas,REN - Reprovado por Nota,4.6,1.9,5,3.8,3.8,0.9,0,,2018.1,MT,2018.1,0,0,0,1,2018.1
61,1811562784,01 1CALC-MT2,Cálculo,Ciências Econômicas,Ciências Econômicas,REN - Reprovado por Nota,1,3.2,6,3.3,3.3,0,0,,2018.1,MT,2018.1,0,0,0,1,2018.1
62,1811562785,01 1CALC-MT2,Cálculo,Ciências Econômicas,Ciências Econômicas,APM - Aprovado por média,10,9.6,9.5,9.7,9.7,0,0,,2018.1,MT,2018.1,0,0,0,1,2018.1
63,1811562791,01 1CALC-MT2,Cálculo,Ciências Econômicas,Ciências Econômicas,APM - Aprovado por média,10,6.2,8,8.1,8.1,0,2,,2018.1,MT,2018.1,0,0,0,1,2018.1
64,1811562794,01 1CALC-MT2,Cálculo,Ciências Econômicas,Ciências Econômicas,REN - Reprovado por Nota,1.3,3.4,4.5,3,3,0,0,,2018.1,MT,2018.1,0,0,0,1,2018.1
65,1811562798,01 1CALC-MT2,Cálculo,Ciências Econômicas,Ciências Econômicas,REN - Reprovado por Nota,5.3,3.8,7,5.3,5.9,5.5,0,,2018.1,MT,2018.1,0,0,0,1,2018.1
66,1811562800,01 1CALC-MT2,Cálculo,Ciências Econômicas,Ciências Econômicas,REN - Reprovado por Nota,3.5,4.5,7,4.9,4.9,3.5,0,,2018.1,MT,2018.1,0,0,0,1,2018.1
67,1811562826,01 1CALC-MT2,Cálculo,Ciências Econômicas,Ciências Econômicas,REN - Reprovado por Nota,1,2.1,3.5,2.1,2.3,1.4,2,,2018.1,MT,2018.1,0,0,0,1,2018.1
68,1811562851,01 1CALC-MT1,Cálculo,Administração,Administração,REN - Reprovado por Nota,1.3,2.1,6,3,4.2,4.8,2,,2018.1,MT,2018.1,0,0,0,1,2018.1
69,1811562854,01 1CALC-MT1,Cálculo,Administração,Administração,REN - Reprovado por Nota,4.8,4.1,6,4.9,4.9,3,2,,2018.1,MT,2018.1,0,0,0,1,2018.1
70,1811562903,01 1CALC-MT1,Cálculo,Administração,Administração,REN - Reprovado por Nota,0.6,2,3.5,2,2,0.7,2,,2018.1,MT,2018.1,0,0,0,1,2018.1
71,1811563331,01 1CALC-MT1,Cálculo,Administração,Administração,APM - Aprovado por média,9,8.6,9.5,9,9,0,0,,2018.1,MT,2018.1,0,0,0,1,2018.1
72,1811563332,01 1CALC-MT1,Cálculo,Administração,Administração,APM - Aprovado por média,7.4,3.3,8,6.2,7,5.8,0,,2018.1,MT,2018.1,0,0,0,1,2018.1
73,1811563342,01 1CALC-MT1,Cálculo,Administração,Administração,APM - Aprovado por média,5.5,6.7,7.5,6.5,7,6.8,0,,2018.1,MT,2018.1,0,0,0,1,2018.1
74,1811563625,01 1CALC-MT2,Cálculo,Ciências Econômicas,Ciências Econômicas,REN - Reprovado por Nota,0,1.8,6,2.4,2.5,0.3,2,,2018.1,MT,2018.1,0,0,0,1,2018.1
75,1811563628,01 1CALC-MT1,Cálculo,Administração,Administração,REN - Reprovado por Nota,1.3,1.8,5.5,2.7,2.7,0,0,,2018.1,MT,2018.1,0,0,0,1,2018.1
76,1811563668,01 1CALC-MT1,Cálculo,Administração,Administração,REN - Reprovado por Nota,5.4,3,7,5,6.2,6.3,0,,2018.1,MT,2018.1,0,0,0,1,2018.1
77,1811563801,01 1CALC-MT1,Cálculo,Administração,Administração,APM - Aprovado por média,8.5,7.1,7.5,7.7,7.7,0,0,,2018.1,MT,2018.1,0,0,0,1,2018.1
78,1811563804,01 1CALC-MT2,Cálculo,Ciências Econômicas,Ciências Econômicas,APM - Aprovado por média,8,6.7,6,7,7,0,0,,2018.1,MT,2018.1,0,0,0,1,2018.1
79,1811563822,01 1CALC-MT1,Cálculo,Administração,Administração,APM - Aprovado por média,7.2,4.1,7.5,6.2,7.4,7.6,2,,2018.1,MT,2018.1,0,0,0,1,2018.1
80,1811563839,01 1CALC-MT1,Cálculo,Administração,Administração,APM - Aprovado por média,5.9,4.9,9,6.5,7,6.3,2,,2018.1,MT,2018.1,0,0,0,1,2018.1
81,1811563861,01 1CALC-MT2,Cálculo,Ciências Econômicas,Ciências Econômicas,REN - Reprovado por Nota,6.3,4.6,6,5.6,5.8,5.2,0,,2018.1,MT,2018.1,0,0,0,1,2018.1
82,1811563868,01 1CALC-MT2,Cálculo,Ciências Econômicas,Ciências Econômicas,REN - Reprovado por Nota,6.7,1.8,5,4.5,4.5,0,2,,2018.1,MT,2018.1,0,0,0,1,2018.1
83,1811563869,01 1CALC-MT2,Cálculo,Ciências Econômicas,Ciências Econômicas,APM - Aprovado por média,9,6.8,5.5,7.2,7.2,0,0,,2018.1,MT,2018.1,0,0,0,1,2018.1
84,1811563885,01 1CALC-MT2,Cálculo,Ciências Econômicas,Ciências Econômicas,APM - Aprovado por média,2,7,5,4.6,7.4,10,0,,2018.1,MT,2018.1,0,0,0,1,2018.1
85,1811563915,01 1CALC-MT1,Cálculo,Administração,Administração,APM - Aprovado por média,6.6,4,7.5,6,7.1,7.2,0,,2018.1,MT,2018.1,0,0,0,1,2018.1
86,1811563963,01 1CALC-MT1,Cálculo,Administração,Administração,APM - Aprovado por média,6.7,4.5,7.5,6.2,7,6.8,0,,2018.1,MT,2018.1,0,0,0,1,2018.1
87,1811563965,01 1CALC-MT1,Cálculo,Administração,Administração,REN - Reprovado por Nota,0,2.2,5.5,2.4,2.4,0,2,,2018.1,MT,2018.1,0,0,0,1,2018.1
88,1811563969,01 1CALC-MT1,Cálculo,Administração,Administração,REN - Reprovado por Nota,5,4.9,7,5.6,5.9,5.9,2,,2018.1,MT,2018.1,0,0,0,1,2018.1
89,1811564011,01 1CALC-MT2,Cálculo,Ciências Econômicas,Ciências Econômicas,REN - Reprovado por Nota,5.5,4,7,5.4,5.4,2.9,0,,2018.1,MT,2018.1,0,0,0,1,2018.1
90,1811564014,01 1CALC-MT1,Cálculo,Administração,Administração,REN - Reprovado por Nota,3,2.5,7,4,4.4,3.5,2,,2018.1,MT,2018.1,0,0,0,1,2018.1
91,1811564015,01 1CALC-MT2,Cálculo,Ciências Econômicas,Ciências Econômicas,REN - Reprovado por Nota,3.5,2.7,5.5,3.8,3.8,0,2,,2018.1,MT,2018.1,0,0,0,1,2018.1
92,1811564017,01 1CALC-MT2,Cálculo,Ciências Econômicas,Ciências Econômicas,REN - Reprovado por Nota,1,2.1,6,2.9,2.9,0.4,0,,2018.1,MT,2018.1,0,0,0,1,2018.1
93,1811564021,01 1CALC-MT2,Cálculo,Ciências Econômicas,Ciências Econômicas,REN - Reprovado por Nota,4.3,2.6,5,3.9,4.2,3.3,2,,2018.1,MT,2018.1,0,0,0,1,2018.1
94,1811564023,01 1CALC-MT1,Cálculo,Administração,Administração,REN - Reprovado por Nota,1.6,1.9,5,2.7,2.7,0,0,,2018.1,MT,2018.1,0,0,0,1,2018.1
95,1811564026,01 1CALC-MT1,Cálculo,Administração,Administração,REN - Reprovado por Nota,1,1.6,4,2.1,2.1,0,0,,2018.1,MT,2018.1,0,0,0,1,2018.1
96,1811564067,01 1CALC-MT1,Cálculo,Administração,Administração,APM - Aprovado por média,7,4.6,7,6.2,7,7,0,,2018.1,MT,2018.1,0,0,0,1,2018.1
97,1811564267,01 1CALC-MT2,Cálculo,Ciências Econômicas,Ciências Econômicas,APM - Aprovado por média,4.4,4.7,8,5.6,7,8.4,0,,2018.1,MT,2018.1,0,0,0,1,2018.1
98,1811564869,01 1CALC-MT2,Cálculo,Ciências Econômicas,Ciências Econômicas,APM - Aprovado por média,7,5.4,7,6.4,7,7,0,,2018.1,MT,2018.1,0,0,0,1,2018.1
99,1811565273,01 1CALC-MT1,Cálculo,Administração,Administração,REN - Reprovado por Nota,0,0,2,0.6,0.6,0,0,,2018.1,MT,2018.1,0,0,0,1,2018.1
100,1811565282,01 1CALC-MT1,Cálculo,Administração,Administração,REN - Reprovado por Nota,0,0,0,0,0,0,0,,2018.1,MT,2018.1,0,0,0,1,2018.1
101,1811562565,01 1ESTT-MT2,Estatística,Ciências Econômicas,Ciências Econômicas,APM - Aprovado por média,6.8,9,8,7.9,7.9,0,0,,2018.1,MT,2018.1,0,0,0,1,2018.1
102,1811562586,01 1ESTT-MT1,Estatística,Administração,Administração,APM - Aprovado por média,7.5,8.2,8.7,8.1,8.1,0,0,,2018.1,MT,2018.1,0,0,0,1,2018.1
103,1811562591,01 1ESTT-MT1,Estatística,Administração,Administração,APM - Aprovado por média,9.5,7.2,6,7.6,7.6,0,0,,2018.1,MT,2018.1,0,0,0,1,2018.1
104,1811562595,01 1ESTT-MT1,Estatística,Administração,Administração,APM - Aprovado por média,9,6.8,8,7.9,7.9,0,8,,2018.1,MT,2018.1,0,0,0,1,2018.1
105,1811562596,01 1ESTT-MT1,Estatística,Administração,Administração,APM - Aprovado por média,9,9.8,8.7,9.2,9.2,0,0,,2018.1,MT,2018.1,0,0,0,1,2018.1
106,1811562597,01 1ESTT-MT1,Estatística,Administração,Administração,APM - Aprovado por média,8.8,7.8,8.7,8.4,8.4,0,0,,2018.1,MT,2018.1,0,0,0,1,2018.1
107,1811562609,01 1ESTT-MT1,Estatística,Administração,Administração,APM - Aprovado por média,9.3,6.2,5.4,7,7,0,0,,2018.1,MT,2018.1,0,0,0,1,2018.1
108,1811562610,01 1ESTT-MT1,Estatística,Administração,Administração,APM - Aprovado por média,8.4,6,7,7.1,7.1,0,0,,2018.1,MT,2018.1,0,0,0,1,2018.1
109,1811562612,01 1ESTT-MT1,Estatística,Administração,Administração,APM - Aprovado por média,7.9,6.2,7.4,7.2,7.2,0,4,,2018.1,MT,2018.1,0,0,0,1,2018.1
110,1811562614,01 1ESTT-MT1,Estatística,Administração,Administração,APM - Aprovado por média,8.5,7.6,5.3,7.2,7.2,0,4,,2018.1,MT,2018.1,0,0,0,1,2018.1
111,1811562615,01 1ESTT-MT1,Estatística,Administração,Administração,APM - Aprovado por média,8.4,7.4,8,7.9,7.9,0,0,,2018.1,MT,2018.1,0,0,0,1,2018.1
112,1811562617,01 1ESTT-MT1,Estatística,Administração,Administração,REN - Reprovado por Nota,7,5.5,5.4,6,6,2,0,,2018.1,MT,2018.1,0,0,0,1,2018.1
113,1811562619,01 1ESTT-MT1,Estatística,Administração,Administração,APM - Aprovado por média,7.5,5.6,8.1,7,7,0,7,,2018.1,MT,2018.1,0,0,0,1,2018.1
114,1811562620,01 1ESTT-MT1,Estatística,Administração,Administração,APM - Aprovado por média,8.2,6.2,7.4,7.3,7.3,0,0,,2018.1,MT,2018.1,0,0,0,1,2018.1
115,1811562621,01 1ESTT-MT1,Estatística,Administração,Administração,APM - Aprovado por média,8.5,6.1,8,7.5,7.5,0,0,,2018.1,MT,2018.1,0,0,0,1,2018.1
116,1811562624,01 1ESTT-MT1,Estatística,Administração,Administração,APM - Aprovado por média,6.8,7.5,9.4,7.8,7.8,0,0,,2018.1,MT,2018.1,0,0,0,1,2018.1
117,1811562630,01 1ESTT-MT1,Estatística,Administração,Administração,APM - Aprovado por média,8.5,7.1,8,7.9,7.9,0,0,,2018.1,MT,2018.1,0,0,0,1,2018.1
118,1811562631,01 1ESTT-MT1,Estatística,Administração,Administração,APM - Aprovado por média,8.3,8.4,7.4,8.1,8.1,0,0,,2018.1,MT,2018.1,0,0,0,1,2018.1
119,1811562633,01 1ESTT-MT1,Estatística,Administração,Administração,APM - Aprovado por média,9.3,8.2,9.4,9,9,0,0,,2018.1,MT,2018.1,0,0,0,1,2018.1
120,1811562634,01 1ESTT-MT1,Estatística,Administração,Administração,APM - Aprovado por média,8.5,5.8,8,7.4,7.4,0,0,,2018.1,MT,2018.1,0,0,0,1,2018.1
121,1811562639,01 1ESTT-MT1,Estatística,Administração,Administração,APM - Aprovado por média,8.5,6.9,8.7,8,8,0,0,,2018.1,MT,2018.1,0,0,0,1,2018.1
122,1811562642,01 1ESTT-MT1,Estatística,Administração,Administração,APM - Aprovado por média,8.2,6.7,8,7.6,7.6,0,0,,2018.1,MT,2018.1,0,0,0,1,2018.1
123,1811562643,01 1ESTT-MT1,Estatística,Administração,Administração,APM - Aprovado por média,7.3,6,8,7.1,7.1,0,4,,2018.1,MT,2018.1,0,0,0,1,2018.1
124,1811562644,01 1ESTT-MT1,Estatística,Administração,Administração,APM - Aprovado por média,7.6,6.2,7.3,7,7,0,0,,2018.1,MT,2018.1,0,0,0,1,2018.1
125,1811562647,01 1ESTT-MT2,Estatística,Ciências Econômicas,Ciências Econômicas,REN - Reprovado por Nota,2.7,1.5,8.7,4.1,4.1,0,0,,2018.1,MT,2018.1,0,0,0,1,2018.1
126,1811562648,01 1ESTT-MT2,Estatística,Ciências Econômicas,Ciências Econômicas,REN - Reprovado por Nota,7.1,0,8.7,5.1,5.1,0,0,,2018.1,MT,2018.1,0,0,0,1,2018.1
127,1811562649,01 1ESTT-MT2,Estatística,Ciências Econômicas,Ciências Econômicas,REN - Reprovado por Nota,5.2,2,7,4.6,4.8,2.5,0,,2018.1,MT,2018.1,0,0,0,1,2018.1
128,1811562650,01 1ESTT-MT2,Estatística,Ciências Econômicas,Ciências Econômicas,APM - Aprovado por média,9.2,9,9.3,9.2,9.2,0,0,,2018.1,MT,2018.1,0,0,0,1,2018.1
129,1811562654,01 1ESTT-MT2,Estatística,Ciências Econômicas,Ciências Econômicas,APM - Aprovado por média,8.5,5,8.7,7.3,7.3,0,0,,2018.1,MT,2018.1,0,0,0,1,2018.1
130,1811562656,01 1ESTT-MT2,Estatística,Ciências Econômicas,Ciências Econômicas,REN - Reprovado por Nota,2.4,0,0,0.8,0.8,0,0,,2018.1,MT,2018.1,0,0,0,1,2018.1
131,1811562658,01 1ESTT-MT2,Estatística,Ciências Econômicas,Ciências Econômicas,REN - Reprovado por Nota,7.5,2.5,8,5.9,6.2,3.5,0,,2018.1,MT,2018.1,0,0,0,1,2018.1
132,1811562659,01 1ESTT-MT2,Estatística,Ciências Econômicas,Ciências Econômicas,REN - Reprovado por Nota,5,4,8,5.6,5.6,1,0,,2018.1,MT,2018.1,0,0,0,1,2018.1
133,1811562660,01 1ESTT-MT2,Estatística,Ciências Econômicas,Ciências Econômicas,APM - Aprovado por média,6.3,7,8.7,7.3,7.3,6,0,,2018.1,MT,2018.1,0,0,0,1,2018.1
134,1811562662,01 1ESTT-MT2,Estatística,Ciências Econômicas,Ciências Econômicas,APM - Aprovado por média,9.6,6,9.3,8.2,8.8,7.5,0,,2018.1,MT,2018.1,0,0,0,1,2018.1
135,1811562665,01 1ESTT-MT2,Estatística,Ciências Econômicas,Ciências Econômicas,REN - Reprovado por Nota,6.2,3.5,8,5.8,6.2,4.5,0,,2018.1,MT,2018.1,0,0,0,1,2018.1
136,1811562666,01 1ESTT-MT2,Estatística,Ciências Econômicas,Ciências Econômicas,APM - Aprovado por média,5.6,4.5,7.3,5.7,7,8,0,,2018.1,MT,2018.1,0,0,0,1,2018.1
137,1811562667,01 1ESTT-MT2,Estatística,Ciências Econômicas,Ciências Econômicas,REN - Reprovado por Nota,6.8,1,6.7,4.7,6.3,5.5,0,,2018.1,MT,2018.1,0,0,0,1,2018.1
138,1811562669,01 1ESTT-MT2,Estatística,Ciências Econômicas,Ciências Econômicas,APM - Aprovado por média,8,4,8,6.6,7,5,0,,2018.1,MT,2018.1,0,0,0,1,2018.1
139,1811562673,01 1ESTT-MT2,Estatística,Ciências Econômicas,Ciências Econômicas,REN - Reprovado por Nota,4.7,3.5,7.3,5.1,5.1,3.5,0,,2018.1,MT,2018.1,0,0,0,1,2018.1
140,1811562674,01 1ESTT-MT2,Estatística,Ciências Econômicas,Ciências Econômicas,APM - Aprovado por média,7.2,3,8,6,7,5.8,0,,2018.1,MT,2018.1,0,0,0,1,2018.1
141,1811562676,01 1ESTT-MT2,Estatística,Ciências Econômicas,Ciências Econômicas,REN - Reprovado por Nota,4.6,1,8,4.4,4.5,1.5,0,,2018.1,MT,2018.1,0,0,0,1,2018.1
142,1811562678,01 1ESTT-MT2,Estatística,Ciências Econômicas,Ciências Econômicas,APM - Aprovado por média,8,8.5,8,8.2,8.2,0,0,,2018.1,MT,2018.1,0,0,0,1,2018.1
143,1811562685,01 1ESTT-MT2,Estatística,Ciências Econômicas,Ciências Econômicas,REN - Reprovado por Nota,5.9,4,8,5.9,6,4.5,0,,2018.1,MT,2018.1,0,0,0,1,2018.1
144,1811562686,01 1ESTT-MT2,Estatística,Ciências Econômicas,Ciências Econômicas,APM - Aprovado por média,9.1,5,7.3,7.1,7.1,0,0,,2018.1,MT,2018.1,0,0,0,1,2018.1
145,1811562688,01 1ESTT-MT2,Estatística,Ciências Econômicas,Ciências Econômicas,APM - Aprovado por média,6.4,3.5,9.3,6.3,7.3,6.5,0,,2018.1,MT,2018.1,0,0,0,1,2018.1
146,1811562689,01 1ESTT-MT2,Estatística,Ciências Econômicas,Ciências Econômicas,APM - Aprovado por média,7.7,6,7,6.9,7.2,7,0,,2018.1,MT,2018.1,0,0,0,1,2018.1
147,1811562757,01 1ESTT-MT1,Estatística,Administração,Administração,REN - Reprovado por Nota,6.2,6,7,6.4,6.4,0,2,,2018.1,MT,2018.1,0,0,0,1,2018.1
148,1811562758,01 1ESTT-MT1,Estatística,Administração,Administração,APM - Aprovado por média,8.5,6.1,8,7.5,7.5,0,6,,2018.1,MT,2018.1,0,0,0,1,2018.1
149,1811562759,01 1ESTT-MT1,Estatística,Administração,Administração,APM - Aprovado por média,9.3,6.4,6.7,7.5,7.5,0,0,,2018.1,MT,2018.1,0,0,0,1,2018.1
150,1811562761,01 1ESTT-MT1,Estatística,Administração,Administração,APM - Aprovado por média,6.2,7.3,7.5,7,7,0,0,,2018.1,MT,2018.1,0,0,0,1,2018.1
151,1811562762,01 1ESTT-MT1,Estatística,Administração,Administração,APM - Aprovado por média,9,8.3,6,7.9,7.9,0,0,,2018.1,MT,2018.1,0,0,0,1,2018.1
152,1811562763,01 1ESTT-MT1,Estatística,Administração,Administração,APM - Aprovado por média,7.9,5,8.3,7,7,0,4,,2018.1,MT,2018.1,0,0,0,1,2018.1
153,1811562764,01 1ESTT-MT1,Estatística,Administração,Administração,APM - Aprovado por média,8.8,7.6,7.4,8,8,0,0,,2018.1,MT,2018.1,0,0,0,1,2018.1
154,1811562767,01 1ESTT-MT1,Estatística,Administração,Administração,APM - Aprovado por média,8.7,9.6,8,8.8,8.8,0,4,,2018.1,MT,2018.1,0,0,0,1,2018.1
155,1811562768,01 1ESTT-MT1,Estatística,Administração,Administração,APM - Aprovado por média,8.8,7.8,9.4,8.6,8.6,0,0,,2018.1,MT,2018.1,0,0,0,1,2018.1
156,1811562775,01 1ESTT-MT2,Estatística,Ciências Econômicas,Ciências Econômicas,REN - Reprovado por Nota,7.5,2.5,8.7,6.1,6.1,2,0,,2018.1,MT,2018.1,0,0,0,1,2018.1
157,1811562776,01 1ESTT-MT2,Estatística,Ciências Econômicas,Ciências Econômicas,APM - Aprovado por média,7.7,5.5,9.3,7.4,7.4,0,0,,2018.1,MT,2018.1,0,0,0,1,2018.1
158,1811562778,01 1ESTT-MT2,Estatística,Ciências Econômicas,Ciências Econômicas,APM - Aprovado por média,5.7,9,7.3,7.3,7.3,3,0,,2018.1,MT,2018.1,0,0,0,1,2018.1
159,1811562779,01 1ESTT-MT2,Estatística,Ciências Econômicas,Ciências Econômicas,REN - Reprovado por Nota,6.4,2,8,5.3,6.2,4.5,0,,2018.1,MT,2018.1,0,0,0,1,2018.1
160,1811562782,01 1ESTT-MT2,Estatística,Ciências Econômicas,Ciências Econômicas,REN - Reprovado por Nota,2.6,2.5,6.7,3.8,4,3,0,,2018.1,MT,2018.1,0,0,0,1,2018.1
161,1811562783,01 1ESTT-MT2,Estatística,Ciências Econômicas,Ciências Econômicas,REN - Reprovado por Nota,6.4,1,7.3,4.8,5.3,2.5,0,,2018.1,MT,2018.1,0,0,0,1,2018.1
162,1811562784,01 1ESTT-MT2,Estatística,Ciências Econômicas,Ciências Econômicas,REN - Reprovado por Nota,2.7,3,9.3,4.8,5.8,5.5,0,,2018.1,MT,2018.1,0,0,0,1,2018.1
163,1811562785,01 1ESTT-MT2,Estatística,Ciências Econômicas,Ciências Econômicas,APM - Aprovado por média,9,2,8.7,6.5,9.3,10,0,,2018.1,MT,2018.1,0,0,0,1,2018.1
164,1811562791,01 1ESTT-MT2,Estatística,Ciências Econômicas,Ciências Econômicas,APM - Aprovado por média,7.8,6,9.3,7.6,7.6,0,0,,2018.1,MT,2018.1,0,0,0,1,2018.1
165,1811562794,01 1ESTT-MT2,Estatística,Ciências Econômicas,Ciências Econômicas,REN - Reprovado por Nota,6.5,3,6.7,5.3,5.3,0.5,0,,2018.1,MT,2018.1,0,0,0,1,2018.1
166,1811562798,01 1ESTT-MT2,Estatística,Ciências Econômicas,Ciências Econômicas,APM - Aprovado por média,7.4,5.5,8.7,7.1,7.1,5.5,0,,2018.1,MT,2018.1,0,0,0,1,2018.1
167,1811562800,01 1ESTT-MT2,Estatística,Ciências Econômicas,Ciências Econômicas,APM - Aprovado por média,5.9,5.5,9.3,6.8,7,6,0,,2018.1,MT,2018.1,0,0,0,1,2018.1
168,1811562826,01 1ESTT-MT2,Estatística,Ciências Econômicas,Ciências Econômicas,REN - Reprovado por Nota,4.1,0,3.3,2.4,2.4,0,0,,2018.1,MT,2018.1,0,0,0,1,2018.1
169,1811562851,01 1ESTT-MT1,Estatística,Administração,Administração,REN - Reprovado por Nota,7,6.3,4.7,6.1,6.1,0,4,,2018.1,MT,2018.1,0,0,0,1,2018.1
170,1811562854,01 1ESTT-MT1,Estatística,Administração,Administração,APM - Aprovado por média,8,8.5,8.7,8.4,8.4,0,4,,2018.1,MT,2018.1,0,0,0,1,2018.1
171,1811562903,01 1ESTT-MT1,Estatística,Administração,Administração,APM - Aprovado por média,6.4,7.4,7.3,7,7,0,0,,2018.1,MT,2018.1,0,0,0,1,2018.1
172,1811563331,01 1ESTT-MT1,Estatística,Administração,Administração,APM - Aprovado por média,9.3,8.6,7.4,8.5,8.5,0,0,,2018.1,MT,2018.1,0,0,0,1,2018.1
173,1811563332,01 1ESTT-MT1,Estatística,Administração,Administração,APM - Aprovado por média,7.3,6.3,8.7,7.4,7.4,0,0,,2018.1,MT,2018.1,0,0,0,1,2018.1
174,1811563342,01 1ESTT-MT1,Estatística,Administração,Administração,APM - Aprovado por média,7.9,6.1,8.7,7.5,7.5,0,4,,2018.1,MT,2018.1,0,0,0,1,2018.1
175,1811563625,01 1ESTT-MT2,Estatística,Ciências Econômicas,Ciências Econômicas,REN - Reprovado por Nota,2.6,0,7.3,3.1,3.1,0,0,,2018.1,MT,2018.1,0,0,0,1,2018.1
176,1811563628,01 1ESTT-MT1,Estatística,Administração,Administração,REN - Reprovado por Nota,5.4,5.8,5.4,5.5,5.5,2.5,0,,2018.1,MT,2018.1,0,0,0,1,2018.1
177,1811563668,01 1ESTT-MT1,Estatística,Administração,Administração,APM - Aprovado por média,9.5,9.1,8.7,9.1,9.1,0,0,,2018.1,MT,2018.1,0,0,0,1,2018.1
178,1811563801,01 1ESTT-MT1,Estatística,Administração,Administração,APM - Aprovado por média,7.6,7.8,8,7.8,7.8,0,2,,2018.1,MT,2018.1,0,0,0,1,2018.1
179,1811563804,01 1ESTT-MT2,Estatística,Ciências Econômicas,Ciências Econômicas,APM - Aprovado por média,6.7,9,8,7.9,7.9,0,0,,2018.1,MT,2018.1,0,0,0,1,2018.1
180,1811563822,01 1ESTT-MT1,Estatística,Administração,Administração,APM - Aprovado por média,8.3,9.4,6.7,8.2,8.2,0,0,,2018.1,MT,2018.1,0,0,0,1,2018.1
181,1811563839,01 1ESTT-MT1,Estatística,Administração,Administração,APM - Aprovado por média,8.3,9.8,7.4,8.6,8.6,0,0,,2018.1,MT,2018.1,0,0,0,1,2018.1
182,1811563861,01 1ESTT-MT2,Estatística,Ciências Econômicas,Ciências Econômicas,APM - Aprovado por média,8.4,3,7.3,6.2,7.1,5.5,0,,2018.1,MT,2018.1,0,0,0,1,2018.1
183,1811563868,01 1ESTT-MT2,Estatística,Ciências Econômicas,Ciências Econômicas,REN - Reprovado por Nota,2.6,3,6.7,4,4.5,4,0,,2018.1,MT,2018.1,0,0,0,1,2018.1
184,1811563869,01 1ESTT-MT2,Estatística,Ciências Econômicas,Ciências Econômicas,APM - Aprovado por média,9.4,6,9.3,8.2,8.2,5.5,0,,2018.1,MT,2018.1,0,0,0,1,2018.1
185,1811563885,01 1ESTT-MT2,Estatística,Ciências Econômicas,Ciências Econômicas,APM - Aprovado por média,6.1,3.5,8,5.8,7.1,7.2,0,,2018.1,MT,2018.1,0,0,0,1,2018.1
186,1811563915,01 1ESTT-MT1,Estatística,Administração,Administração,APM - Aprovado por média,8.2,7.7,8,8,8,0,6,,2018.1,MT,2018.1,0,0,0,1,2018.1
187,1811563963,01 1ESTT-MT1,Estatística,Administração,Administração,APM - Aprovado por média,7.6,7.4,7,7.4,7.4,0,0,,2018.1,MT,2018.1,0,0,0,1,2018.1
188,1811563965,01 1ESTT-MT1,Estatística,Administração,Administração,REN - Reprovado por Nota,5.7,5.8,4,5.2,5.2,0,7,,2018.1,MT,2018.1,0,0,0,1,2018.1
189,1811563969,01 1ESTT-MT1,Estatística,Administração,Administração,APM - Aprovado por média,7.7,8.9,9.4,8.6,8.6,0,0,,2018.1,MT,2018.1,0,0,0,1,2018.1
190,1811564011,01 1ESTT-MT2,Estatística,Ciências Econômicas,Ciências Econômicas,APM - Aprovado por média,7.2,6,8,7,7,0,0,,2018.1,MT,2018.1,0,0,0,1,2018.1
191,1811564012,01 1ESTT-MT2,Estatística,Ciências Econômicas,Ciências Econômicas,REN - Reprovado por Nota,5.7,5,8,6.2,6.2,3,0,,2018.1,MT,,,,,,
192,1811564014,01 1ESTT-MT1,Estatística,Administração,Administração,APM - Aprovado por média,7.3,6.2,8,7.1,7.1,0,0,,2018.1,MT,2018.1,0,0,0,1,2018.1
193,1811564015,01 1ESTT-MT2,Estatística,Ciências Econômicas,Ciências Econômicas,REN - Reprovado por Nota,4.3,1,8.7,4.5,5.3,3.5,0,,2018.1,MT,2018.1,0,0,0,1,2018.1
194,1811564017,01 1ESTT-MT2,Estatística,Ciências Econômicas,Ciências Econômicas,REN - Reprovado por Nota,4,2,5.3,3.7,3.7,2,0,,2018.1,MT,2018.1,0,0,0,1,2018.1
195,1811564021,01 1ESTT-MT2,Estatística,Ciências Econômicas,Ciências Econômicas,REN - Reprovado por Nota,4.7,3.5,8,5.3,5.6,4.5,0,,2018.1,MT,2018.1,0,0,0,1,2018.1
196,1811564023,01 1ESTT-MT1,Estatística,Administração,Administração,APM - Aprovado por média,6.7,6.5,8,7,7,0,0,,2018.1,MT,2018.1,0,0,0,1,2018.1
197,1811564026,01 1ESTT-MT1,Estatística,Administração,Administração,REN - Reprovado por Nota,5,5.2,3.4,4.6,4.6,2.3,4,,2018.1,MT,2018.1,0,0,0,1,2018.1
198,1811564067,01 1ESTT-MT1,Estatística,Administração,Administração,APM - Aprovado por média,8.2,7,8.7,7.9,7.9,0,0,,2018.1,MT,2018.1,0,0,0,1,2018.1
199,1811564267,01 1ESTT-MT2,Estatística,Ciências Econômicas,Ciências Econômicas,APM - Aprovado por média,8.6,4,10,7.4,8.6,7.5,0,,2018.1,MT,2018.1,0,0,0,1,2018.1
200,1811564869,01 1ESTT-MT2,Estatística,Ciências Econômicas,Ciências Econômicas,REN - Reprovado por Nota,6.1,3.5,8,5.8,6.1,4.5,0,,2018.1,MT,2018.1,0,0,0,1,2018.1
201,1811565273,01 1ESTT-MT1,Estatística,Administração,Administração,REN - Reprovado por Nota,3.9,5.8,5.4,5,5,0,11,,2018.1,MT,2018.1,0,0,0,1,2018.1
202,1811565282,01 1ESTT-MT1,Estatística,Administração,Administração,REN - Reprovado por Nota,4.8,6.8,6,5.9,5.9,1.5,9,,2018.1,MT,2018.1,0,0,0,1,2018.1
203,1811562565,01 1FUAD-MT2,Fundamentos de Administração,Ciências Econômicas,Ciências Econômicas,APM - Aprovado por média,7.1,7.3,8.4,7.6,7.6,0,0,,2018.1,CE,2018.1,0,0,0,1,2018.1
204,1811562586,01 1FUAD-MT1,Fundamentos de Administração,Administração,Administração,APM - Aprovado por média,6.8,7.9,6,7,7,0,2,,2018.1,CE,2018.1,0,0,0,1,2018.1
205,1811562591,01 1FUAD-MT1,Fundamentos de Administração,Administração,Administração,APM - Aprovado por média,7,8.2,7.5,7.6,7.6,0,4,,2018.1,CE,2018.1,0,0,0,1,2018.1
206,1811562595,01 1FUAD-MT1,Fundamentos de Administração,Administração,Administração,APM - Aprovado por média,6,7.2,7.7,6.9,7.3,7,0,,2018.1,CE,2018.1,0,0,0,1,2018.1
207,1811562596,01 1FUAD-MT1,Fundamentos de Administração,Administração,Administração,APM - Aprovado por média,10,8.5,8,8.9,8.9,0,0,,2018.1,CE,2018.1,0,0,0,1,2018.1
208,1811562597,01 1FUAD-MT1,Fundamentos de Administração,Administração,Administração,APM - Aprovado por média,6.5,5.8,7.7,6.6,7.7,9,2,,2018.1,CE,2018.1,0,0,0,1,2018.1
209,1811562609,01 1FUAD-MT1,Fundamentos de Administração,Administração,Administração,APM - Aprovado por média,8,8.2,7,7.8,7.8,0,0,,2018.1,CE,2018.1,0,0,0,1,2018.1
210,1811562612,01 1FUAD-MT1,Fundamentos de Administração,Administração,Administração,APM - Aprovado por média,7.7,7.9,7,7.6,7.6,0,0,,2018.1,CE,2018.1,0,0,0,1,2018.1
211,1811562614,01 1FUAD-MT1,Fundamentos de Administração,Administração,Administração,APM - Aprovado por média,4.6,7.3,6.3,6.1,7,7.2,4,,2018.1,CE,2018.1,0,0,0,1,2018.1
212,1811562615,01 1FUAD-MT1,Fundamentos de Administração,Administração,Administração,APM - Aprovado por média,6.9,8.3,5.5,7,7,0,2,,2018.1,CE,2018.1,0,0,0,1,2018.1
213,1811562617,01 1FUAD-MT1,Fundamentos de Administração,Administração,Administração,APM - Aprovado por média,7.4,7.4,6,7,7,0,2,,2018.1,CE,2018.1,0,0,0,1,2018.1
214,1811562619,01 1FUAD-MT1,Fundamentos de Administração,Administração,Administração,APM - Aprovado por média,4.9,5.6,7,5.8,7.1,8.7,4,,2018.1,CE,2018.1,0,0,0,1,2018.1
215,1811562620,01 1FUAD-MT1,Fundamentos de Administração,Administração,Administração,APM - Aprovado por média,8.5,6.7,5.6,7,7,0,2,,2018.1,CE,2018.1,0,0,0,1,2018.1
216,1811562621,01 1FUAD-MT1,Fundamentos de Administração,Administração,Administração,REN - Reprovado por Nota,4.1,5.5,5.6,5,6.1,7,2,,2018.1,CE,2018.1,0,0,0,1,2018.1
217,1811562624,01 1FUAD-MT1,Fundamentos de Administração,Administração,Administração,APM - Aprovado por média,8.2,8.2,6,7.5,7.5,0,0,,2018.1,CE,2018.1,0,0,0,1,2018.1
218,1811562630,01 1FUAD-MT1,Fundamentos de Administração,Administração,Administração,APM - Aprovado por média,6.7,7.2,7,7,7,0,2,,2018.1,CE,2018.1,0,0,0,1,2018.1
219,1811562631,01 1FUAD-MT1,Fundamentos de Administração,Administração,Administração,APM - Aprovado por média,7.7,8.3,6,7.4,7.4,0,2,,2018.1,CE,2018.1,0,0,0,1,2018.1
220,1811562633,01 1FUAD-MT1,Fundamentos de Administração,Administração,Administração,APM - Aprovado por média,8.1,6.9,6,7,7,0,2,,2018.1,CE,2018.1,0,0,0,1,2018.1
221,1811562634,01 1FUAD-MT1,Fundamentos de Administração,Administração,Administração,APM - Aprovado por média,8.2,6.8,6,7,7,0,4,,2018.1,CE,2018.1,0,0,0,1,2018.1
222,1811562639,01 1FUAD-MT1,Fundamentos de Administração,Administração,Administração,APM - Aprovado por média,8.6,8,5.5,7.5,7.5,0,2,,2018.1,CE,2018.1,0,0,0,1,2018.1
223,1811562642,01 1FUAD-MT1,Fundamentos de Administração,Administração,Administração,APM - Aprovado por média,7.1,6.8,7,7,7,0,2,,2018.1,CE,2018.1,0,0,0,1,2018.1
224,1811562643,01 1FUAD-MT1,Fundamentos de Administração,Administração,Administração,APM - Aprovado por média,6,7.4,7.6,7,7,0,0,,2018.1,CE,2018.1,0,0,0,1,2018.1
225,1811562644,01 1FUAD-MT1,Fundamentos de Administração,Administração,Administração,APM - Aprovado por média,7.5,8.2,5.5,7.2,7.2,0,2,,2018.1,CE,2018.1,0,0,0,1,2018.1
226,1811562647,01 1FUAD-MT2,Fundamentos de Administração,Ciências Econômicas,Ciências Econômicas,APM - Aprovado por média,6.1,7.8,7,7,7,0,2,,2018.1,CE,2018.1,0,0,0,1,2018.1
227,1811562648,01 1FUAD-MT2,Fundamentos de Administração,Ciências Econômicas,Ciências Econômicas,APM - Aprovado por média,6.5,8.1,9.1,7.8,7.8,0,2,,2018.1,CE,2018.1,0,0,0,1,2018.1
228,1811562649,01 1FUAD-MT2,Fundamentos de Administração,Ciências Econômicas,Ciências Econômicas,APM - Aprovado por média,7,9,7.7,7.9,7.9,0,0,,2018.1,CE,2018.1,0,0,0,1,2018.1
229,1811562650,01 1FUAD-MT2,Fundamentos de Administração,Ciências Econômicas,Ciências Econômicas,APM - Aprovado por média,8.4,8,8.4,8.3,8.3,0,2,,2018.1,CE,2018.1,0,0,0,1,2018.1
230,1811562652,01 1FUAD-MT2,Fundamentos de Administração,Ciências Econômicas,Ciências Econômicas,APM - Aprovado por média,8.1,9.6,9.8,9.1,9.1,0,2,,2018.1,CE,,,,,,
231,1811562654,01 1FUAD-MT2,Fundamentos de Administração,Ciências Econômicas,Ciências Econômicas,APM - Aprovado por média,7.6,7.8,7.3,7.6,7.6,0,0,,2018.1,CE,2018.1,0,0,0,1,2018.1
232,1811562656,01 1FUAD-MT2,Fundamentos de Administração,Ciências Econômicas,Ciências Econômicas,APM - Aprovado por média,7.1,7.5,6.3,7,7,0,0,,2018.1,CE,2018.1,0,0,0,1,2018.1
233,1811562658,01 1FUAD-MT2,Fundamentos de Administração,Ciências Econômicas,Ciências Econômicas,APM - Aprovado por média,7.7,9.6,8.4,8.6,8.6,0,0,,2018.1,CE,2018.1,0,0,0,1,2018.1
234,1811562659,01 1FUAD-MT2,Fundamentos de Administração,Ciências Econômicas,Ciências Econômicas,APM - Aprovado por média,6.7,8.5,7,7.4,7.4,0,0,,2018.1,CE,2018.1,0,0,0,1,2018.1
235,1811562660,01 1FUAD-MT2,Fundamentos de Administração,Ciências Econômicas,Ciências Econômicas,APM - Aprovado por média,8,7,8.4,7.8,7.8,0,2,,2018.1,CE,2018.1,0,0,0,1,2018.1
236,1811562662,01 1FUAD-MT2,Fundamentos de Administração,Ciências Econômicas,Ciências Econômicas,APM - Aprovado por média,8.4,7.4,8.4,8,8,0,0,,2018.1,CE,2018.1,0,0,0,1,2018.1
237,1811562665,01 1FUAD-MT2,Fundamentos de Administração,Ciências Econômicas,Ciências Econômicas,APM - Aprovado por média,7.4,9.6,8.4,8.5,8.5,0,0,,2018.1,CE,2018.1,0,0,0,1,2018.1
238,1811562666,01 1FUAD-MT2,Fundamentos de Administração,Ciências Econômicas,Ciências Econômicas,APM - Aprovado por média,8.4,9,8.4,8.6,8.6,0,0,,2018.1,CE,2018.1,0,0,0,1,2018.1
239,1811562667,01 1FUAD-MT2,Fundamentos de Administração,Ciências Econômicas,Ciências Econômicas,REN - Reprovado por Nota,1.7,2.8,8.7,4.2,6,7,2,,2018.1,CE,2018.1,0,0,0,1,2018.1
240,1811562669,01 1FUAD-MT2,Fundamentos de Administração,Ciências Econômicas,Ciências Econômicas,APM - Aprovado por média,7.7,9,6.3,7.7,7.7,0,0,,2018.1,CE,2018.1,0,0,0,1,2018.1
241,1811562673,01 1FUAD-MT2,Fundamentos de Administração,Ciências Econômicas,Ciências Econômicas,APM - Aprovado por média,7.4,8,7.3,7.6,7.6,0,0,,2018.1,CE,2018.1,0,0,0,1,2018.1
242,1811562674,01 1FUAD-MT2,Fundamentos de Administração,Ciências Econômicas,Ciências Econômicas,APM - Aprovado por média,7.6,8.7,7.7,8,8,0,2,,2018.1,CE,2018.1,0,0,0,1,2018.1
243,1811562676,01 1FUAD-MT2,Fundamentos de Administração,Ciências Econômicas,Ciências Econômicas,APM - Aprovado por média,7.3,9.3,7.7,8.1,8.1,0,0,,2018.1,CE,2018.1,0,0,0,1,2018.1
244,1811562678,01 1FUAD-MT2,Fundamentos de Administração,Ciências Econômicas,Ciências Econômicas,APM - Aprovado por média,7.6,8.4,8.4,8.1,8.1,0,2,,2018.1,CE,2018.1,0,0,0,1,2018.1
245,1811562685,01 1FUAD-MT2,Fundamentos de Administração,Ciências Econômicas,Ciências Econômicas,APM - Aprovado por média,8.3,7.9,8.4,8.2,8.2,0,2,,2018.1,CE,2018.1,0,0,0,1,2018.1
246,1811562686,01 1FUAD-MT2,Fundamentos de Administração,Ciências Econômicas,Ciências Econômicas,APM - Aprovado por média,8.4,7.2,8.4,8,8,0,2,,2018.1,CE,2018.1,0,0,0,1,2018.1
247,1811562688,01 1FUAD-MT2,Fundamentos de Administração,Ciências Econômicas,Ciências Econômicas,APM - Aprovado por média,7.1,8.3,7.7,7.7,7.7,0,0,,2018.1,CE,2018.1,0,0,0,1,2018.1
248,1811562689,01 1FUAD-MT2,Fundamentos de Administração,Ciências Econômicas,Ciências Econômicas,APM - Aprovado por média,6.7,7.6,9.1,7.7,7.7,0,2,,2018.1,CE,2018.1,0,0,0,1,2018.1
249,1811562757,01 1FUAD-MT1,Fundamentos de Administração,Administração,Administração,APM - Aprovado por média,3.9,8.2,7.7,6.6,7.6,7,4,,2018.1,CE,2018.1,0,0,0,1,2018.1
250,1811562758,01 1FUAD-MT1,Fundamentos de Administração,Administração,Administração,APM - Aprovado por média,8.5,7.3,5.5,7.2,7.2,0,4,,2018.1,CE,2018.1,0,0,0,1,2018.1
251,1811562759,01 1FUAD-MT1,Fundamentos de Administração,Administração,Administração,APM - Aprovado por média,6.6,7.9,7,7.2,7.2,0,2,,2018.1,CE,2018.1,0,0,0,1,2018.1
252,1811562761,01 1FUAD-MT1,Fundamentos de Administração,Administração,Administração,APM - Aprovado por média,7.5,6,7.5,7,7,0,0,,2018.1,CE,2018.1,0,0,0,1,2018.1
253,1811562762,01 1FUAD-MT1,Fundamentos de Administração,Administração,Administração,APM - Aprovado por média,7.3,7.4,7,7.2,7.2,0,4,,2018.1,CE,2018.1,0,0,0,1,2018.1
254,1811562763,01 1FUAD-MT1,Fundamentos de Administração,Administração,Administração,APM - Aprovado por média,7.9,7.7,5,7,7,0,0,,2018.1,CE,2018.1,0,0,0,1,2018.1
255,1811562764,01 1FUAD-MT1,Fundamentos de Administração,Administração,Administração,APM - Aprovado por média,6.7,6.9,7.5,7,7,0,0,,2018.1,CE,2018.1,0,0,0,1,2018.1
256,1811562767,01 1FUAD-MT1,Fundamentos de Administração,Administração,Administração,APM - Aprovado por média,6.9,7.3,7.7,7.3,7.3,0,6,,2018.1,CE,2018.1,0,0,0,1,2018.1
257,1811562768,01 1FUAD-MT1,Fundamentos de Administração,Administração,Administração,APM - Aprovado por média,7.4,8.9,6,7.5,7.5,0,0,,2018.1,CE,2018.1,0,0,0,1,2018.1
258,1811562775,01 1FUAD-MT2,Fundamentos de Administração,Ciências Econômicas,Ciências Econômicas,APM - Aprovado por média,8.1,8.7,8.4,8.4,8.4,7,2,,2018.1,CE,2018.1,0,0,0,1,2018.1
259,1811562776,01 1FUAD-MT2,Fundamentos de Administração,Ciências Econômicas,Ciências Econômicas,APM - Aprovado por média,8.6,8.4,8.4,8.5,8.5,0,2,,2018.1,CE,2018.1,0,0,0,1,2018.1
260,1811562778,01 1FUAD-MT2,Fundamentos de Administração,Ciências Econômicas,Ciências Econômicas,APM - Aprovado por média,7.3,8.3,7.7,7.8,7.8,0,2,,2018.1,CE,2018.1,0,0,0,1,2018.1
261,1811562779,01 1FUAD-MT2,Fundamentos de Administração,Ciências Econômicas,Ciências Econômicas,APM - Aprovado por média,7.5,7,7.7,7.4,7.4,0,2,,2018.1,CE,2018.1,0,0,0,1,2018.1
262,1811562782,01 1FUAD-MT2,Fundamentos de Administração,Ciências Econômicas,Ciências Econômicas,APM - Aprovado por média,7.6,7,8.4,7.6,7.6,0,0,,2018.1,CE,2018.1,0,0,0,1,2018.1
263,1811562783,01 1FUAD-MT2,Fundamentos de Administração,Ciências Econômicas,Ciências Econômicas,APM - Aprovado por média,7.7,8.6,4.2,7,7,0,0,,2018.1,CE,2018.1,0,0,0,1,2018.1
264,1811562784,01 1FUAD-MT2,Fundamentos de Administração,Ciências Econômicas,Ciências Econômicas,APM - Aprovado por média,7,7.5,8.4,7.6,7.6,0,2,,2018.1,CE,2018.1,0,0,0,1,2018.1
265,1811562785,01 1FUAD-MT2,Fundamentos de Administração,Ciências Econômicas,Ciências Econômicas,APM - Aprovado por média,8.6,7.2,9.8,8.5,8.5,0,2,,2018.1,CE,2018.1,0,0,0,1,2018.1
266,1811562791,01 1FUAD-MT2,Fundamentos de Administração,Ciências Econômicas,Ciências Econômicas,APM - Aprovado por média,8.1,8,8.4,8.2,8.2,0,0,,2018.1,CE,2018.1,0,0,0,1,2018.1
267,1811562794,01 1FUAD-MT2,Fundamentos de Administração,Ciências Econômicas,Ciências Econômicas,APM - Aprovado por média,6.1,9,7.7,7.6,7.6,0,0,,2018.1,CE,2018.1,0,0,0,1,2018.1
268,1811562798,01 1FUAD-MT2,Fundamentos de Administração,Ciências Econômicas,Ciências Econômicas,APM - Aprovado por média,8.1,9.1,9.8,9,9,0,0,,2018.1,CE,2018.1,0,0,0,1,2018.1
269,1811562800,01 1FUAD-MT2,Fundamentos de Administração,Ciências Econômicas,Ciências Econômicas,APM - Aprovado por média,8,7.6,9.1,8.2,8.2,0,0,,2018.1,CE,2018.1,0,0,0,1,2018.1
270,1811562826,01 1FUAD-MT2,Fundamentos de Administração,Ciências Econômicas,Ciências Econômicas,REN - Reprovado por Nota,3.1,7.1,7.7,5.9,6.3,4.2,2,,2018.1,CE,2018.1,0,0,0,1,2018.1
271,1811562851,01 1FUAD-MT1,Fundamentos de Administração,Administração,Administração,APM - Aprovado por média,8.4,7.1,7,7.5,7.5,0,4,,2018.1,CE,2018.1,0,0,0,1,2018.1
272,1811562854,01 1FUAD-MT1,Fundamentos de Administração,Administração,Administração,APM - Aprovado por média,7,7.8,6,7,7,0,4,,2018.1,CE,2018.1,0,0,0,1,2018.1
273,1811562903,01 1FUAD-MT1,Fundamentos de Administração,Administração,Administração,APM - Aprovado por média,5.7,7.9,9.1,7.5,8,7,4,,2018.1,CE,2018.1,0,0,0,1,2018.1
274,1811563331,01 1FUAD-MT1,Fundamentos de Administração,Administração,Administração,APM - Aprovado por média,9.3,9.5,7.5,8.8,8.8,0,2,,2018.1,CE,2018.1,0,0,0,1,2018.1
275,1811563332,01 1FUAD-MT1,Fundamentos de Administração,Administração,Administração,APM - Aprovado por média,6.7,7.2,5.5,6.5,7,8,0,,2018.1,CE,2018.1,0,0,0,1,2018.1
276,1811563342,01 1FUAD-MT1,Fundamentos de Administração,Administração,Administração,APM - Aprovado por média,7,7.8,7,7.3,7.3,0,4,,2018.1,CE,2018.1,0,0,0,1,2018.1
277,1811563625,01 1FUAD-MT2,Fundamentos de Administração,Ciências Econômicas,Ciências Econômicas,APM - Aprovado por média,8.1,8.5,7.7,8.1,8.1,0,0,,2018.1,CE,2018.1,0,0,0,1,2018.1
278,1811563628,01 1FUAD-MT1,Fundamentos de Administração,Administração,Administração,REN - Reprovado por Nota,6.4,5.4,5.6,5.8,6.4,7,0,,2018.1,CE,2018.1,0,0,0,1,2018.1
279,1811563668,01 1FUAD-MT1,Fundamentos de Administração,Administração,Administração,APM - Aprovado por média,8,8.2,6,7.5,7.5,0,4,,2018.1,CE,2018.1,0,0,0,1,2018.1
280,1811563801,01 1FUAD-MT1,Fundamentos de Administração,Administração,Administração,APM - Aprovado por média,8.5,8.5,6,7.8,7.8,0,2,,2018.1,CE,2018.1,0,0,0,1,2018.1
281,1811563804,01 1FUAD-MT2,Fundamentos de Administração,Ciências Econômicas,Ciências Econômicas,APM - Aprovado por média,8.1,9,8.4,8.5,8.5,0,0,,2018.1,CE,2018.1,0,0,0,1,2018.1
282,1811563822,01 1FUAD-MT1,Fundamentos de Administração,Administração,Administração,APM - Aprovado por média,8.7,7.9,7,7.9,7.9,0,2,,2018.1,CE,2018.1,0,0,0,1,2018.1
283,1811563839,01 1FUAD-MT1,Fundamentos de Administração,Administração,Administração,APM - Aprovado por média,7,7.2,7.5,7.2,7.2,0,4,,2018.1,CE,2018.1,0,0,0,1,2018.1
284,1811563861,01 1FUAD-MT2,Fundamentos de Administração,Ciências Econômicas,Ciências Econômicas,APM - Aprovado por média,7.4,7.4,7,7.3,7.3,0,2,,2018.1,CE,2018.1,0,0,0,1,2018.1
285,1811563868,01 1FUAD-MT2,Fundamentos de Administração,Ciências Econômicas,Ciências Econômicas,APM - Aprovado por média,8.7,6.1,8.4,7.7,7.7,0,2,,2018.1,CE,2018.1,0,0,0,1,2018.1
286,1811563869,01 1FUAD-MT2,Fundamentos de Administração,Ciências Econômicas,Ciências Econômicas,APM - Aprovado por média,7.6,7.6,7.7,7.6,7.6,0,0,,2018.1,CE,2018.1,0,0,0,1,2018.1
287,1811563885,01 1FUAD-MT2,Fundamentos de Administração,Ciências Econômicas,Ciências Econômicas,APM - Aprovado por média,7.4,8.9,7.7,8,8,0,0,,2018.1,CE,2018.1,0,0,0,1,2018.1
288,1811563915,01 1FUAD-MT1,Fundamentos de Administração,Administração,Administração,APM - Aprovado por média,9.1,8.5,7.5,8.4,8.4,0,4,,2018.1,CE,2018.1,0,0,0,1,2018.1
289,1811563963,01 1FUAD-MT1,Fundamentos de Administração,Administração,Administração,APM - Aprovado por média,6.5,8.4,7.5,7.5,7.5,0,0,,2018.1,CE,2018.1,0,0,0,1,2018.1
290,1811563965,01 1FUAD-MT1,Fundamentos de Administração,Administração,Administração,APM - Aprovado por média,4.6,8.7,7,6.8,7,5.3,6,,2018.1,CE,2018.1,0,0,0,1,2018.1
291,1811563969,01 1FUAD-MT1,Fundamentos de Administração,Administração,Administração,APM - Aprovado por média,8.6,7.6,8.4,8.2,8.2,0,2,,2018.1,CE,2018.1,0,0,0,1,2018.1
292,1811564011,01 1FUAD-MT2,Fundamentos de Administração,Ciências Econômicas,Ciências Econômicas,APM - Aprovado por média,7.6,8.7,8.4,8.2,8.2,0,0,,2018.1,CE,2018.1,0,0,0,1,2018.1
293,1811564012,01 1FUAD-MT2,Fundamentos de Administração,Ciências Econômicas,Ciências Econômicas,APM - Aprovado por média,8,8.3,7.7,8,8,0,0,,2018.1,CE,,,,,,
294,1811564014,01 1FUAD-MT1,Fundamentos de Administração,Administração,Administração,APM - Aprovado por média,9,6.8,5,7,7,0,2,,2018.1,CE,2018.1,0,0,0,1,2018.1
295,1811564015,01 1FUAD-MT2,Fundamentos de Administração,Ciências Econômicas,Ciências Econômicas,REN - Reprovado por Nota,2.9,3.9,6,4.2,4.3,3.3,2,,2018.1,CE,2018.1,0,0,0,1,2018.1
296,1811564017,01 1FUAD-MT2,Fundamentos de Administração,Ciências Econômicas,Ciências Econômicas,APM - Aprovado por média,8,7.5,8.4,8,8,0,0,,2018.1,CE,2018.1,0,0,0,1,2018.1
297,1811564021,01 1FUAD-MT2,Fundamentos de Administração,Ciências Econômicas,Ciências Econômicas,APM - Aprovado por média,7.4,9.3,7,8,8,0,0,,2018.1,CE,2018.1,0,0,0,1,2018.1
298,1811564023,01 1FUAD-MT1,Fundamentos de Administração,Administração,Administração,APM - Aprovado por média,3.8,7.9,5.6,5.8,7,7.3,2,,2018.1,CE,2018.1,0,0,0,1,2018.1
299,1811564026,01 1FUAD-MT1,Fundamentos de Administração,Administração,Administração,REN - Reprovado por Nota,5,5.3,3,4.5,5.2,7,0,,2018.1,CE,2018.1,0,0,0,1,2018.1
300,1811564067,01 1FUAD-MT1,Fundamentos de Administração,Administração,Administração,APM - Aprovado por média,7.7,7.9,7,7.6,7.6,0,0,,2018.1,CE,2018.1,0,0,0,1,2018.1
301,1811564267,01 1FUAD-MT2,Fundamentos de Administração,Ciências Econômicas,Ciências Econômicas,APM - Aprovado por média,8.4,8.8,7.7,8.3,8.3,0,2,,2018.1,CE,2018.1,0,0,0,1,2018.1
302,1811564869,01 1FUAD-MT2,Fundamentos de Administração,Ciências Econômicas,Ciências Econômicas,APM - Aprovado por média,8.1,7.5,6.3,7.4,7.4,0,2,,2018.1,CE,2018.1,0,0,0,1,2018.1
303,1811565273,01 1FUAD-MT1,Fundamentos de Administração,Administração,Administração,REN - Reprovado por Nota,4.8,6.4,8,6.3,6.3,4,6,,2018.1,CE,2018.1,0,0,0,1,2018.1
304,1811565282,01 1FUAD-MT1,Fundamentos de Administração,Administração,Administração,APM - Aprovado por média,7.6,7.7,7.7,7.7,7.7,0,2,,2018.1,CE,2018.1,0,0,0,1,2018.1
305,1811562565,01 1MACR-MT2,Macroeconomia,Ciências Econômicas,Ciências Econômicas,APM - Aprovado por média,6.5,6,9.3,7.2,7.2,0,0,,2018.1,CE,2018.1,0,0,0,1,2018.1
306,1811562586,01 1MACR-MT1,Macroeconomia,Administração,Administração,APM - Aprovado por média,8.8,7.2,8,8,8,0,0,,2018.1,CE,2018.1,0,0,0,1,2018.1
307,1811562591,01 1MACR-MT1,Macroeconomia,Administração,Administração,APM - Aprovado por média,9.8,8.7,8,8.9,8.9,0,0,,2018.1,CE,2018.1,0,0,0,1,2018.1
308,1811562595,01 1MACR-MT1,Macroeconomia,Administração,Administração,APM - Aprovado por média,7.3,6.2,9,7.4,7.4,0,0,,2018.1,CE,2018.1,0,0,0,1,2018.1
309,1811562596,01 1MACR-MT1,Macroeconomia,Administração,Administração,APM - Aprovado por média,10,10,10,10,10,0,0,,2018.1,CE,2018.1,0,0,0,1,2018.1
310,1811562597,01 1MACR-MT1,Macroeconomia,Administração,Administração,APM - Aprovado por média,7.4,5.8,8,7,7,0,2,,2018.1,CE,2018.1,0,0,0,1,2018.1
311,1811562609,01 1MACR-MT1,Macroeconomia,Administração,Administração,APM - Aprovado por média,8.4,10,6,8.2,8.2,0,0,,2018.1,CE,2018.1,0,0,0,1,2018.1
312,1811562610,01 1MACR-MT1,Macroeconomia,Administração,Administração,APM - Aprovado por média,5.8,5,8,6.2,7,7.4,0,,2018.1,CE,2018.1,0,0,0,1,2018.1
313,1811562612,01 1MACR-MT1,Macroeconomia,Administração,Administração,APM - Aprovado por média,7.1,8.7,7,7.6,7.6,0,0,,2018.1,CE,2018.1,0,0,0,1,2018.1
314,1811562614,01 1MACR-MT1,Macroeconomia,Administração,Administração,REN - Reprovado por Nota,4.3,7.2,6,5.8,6.1,5,3,,2018.1,CE,2018.1,0,0,0,1,2018.1
315,1811562615,01 1MACR-MT1,Macroeconomia,Administração,Administração,APM - Aprovado por média,6.4,8.2,8,7.5,7.5,0,0,,2018.1,CE,2018.1,0,0,0,1,2018.1
316,1811562617,01 1MACR-MT1,Macroeconomia,Administração,Administração,APM - Aprovado por média,6.4,4.6,7,6,7.2,8.2,0,,2018.1,CE,2018.1,0,0,0,1,2018.1
317,1811562619,01 1MACR-MT1,Macroeconomia,Administração,Administração,REN - Reprovado por Nota,4.8,4,5,4.6,4.6,0,8,,2018.1,CE,2018.1,0,0,0,1,2018.1
318,1811562620,01 1MACR-MT1,Macroeconomia,Administração,Administração,APM - Aprovado por média,9.1,6.4,6,7.2,7.2,0,3,,2018.1,CE,2018.1,0,0,0,1,2018.1
319,1811562621,01 1MACR-MT1,Macroeconomia,Administração,Administração,APM - Aprovado por média,5.6,3.6,9,5.9,7.2,7.3,3,,2018.1,CE,2018.1,0,0,0,1,2018.1
320,1811562624,01 1MACR-MT1,Macroeconomia,Administração,Administração,APM - Aprovado por média,8.9,9,7,8.4,8.4,0,0,,2018.1,CE,2018.1,0,0,0,1,2018.1
321,1811562630,01 1MACR-MT1,Macroeconomia,Administração,Administração,APM - Aprovado por média,8.6,7.3,7,7.7,7.7,0,2,,2018.1,CE,2018.1,0,0,0,1,2018.1
322,1811562631,01 1MACR-MT1,Macroeconomia,Administração,Administração,APM - Aprovado por média,9.8,9.5,9,9.5,9.5,0,0,,2018.1,CE,2018.1,0,0,0,1,2018.1
323,1811562633,01 1MACR-MT1,Macroeconomia,Administração,Administração,APM - Aprovado por média,8.7,8.7,10,9.1,9.1,0,0,,2018.1,CE,2018.1,0,0,0,1,2018.1
324,1811562634,01 1MACR-MT1,Macroeconomia,Administração,Administração,APM - Aprovado por média,8.1,6.1,8,7.4,7.4,0,0,,2018.1,CE,2018.1,0,0,0,1,2018.1
325,1811562639,01 1MACR-MT1,Macroeconomia,Administração,Administração,APM - Aprovado por média,9.1,9.3,6,8.2,8.2,0,0,,2018.1,CE,2018.1,0,0,0,1,2018.1
326,1811562642,01 1MACR-MT1,Macroeconomia,Administração,Administração,APM - Aprovado por média,6.6,5.1,8,6.5,7.6,8.1,1,,2018.1,CE,2018.1,0,0,0,1,2018.1
327,1811562643,01 1MACR-MT1,Macroeconomia,Administração,Administração,APM - Aprovado por média,9.7,7.1,8,8.3,8.3,0,0,,2018.1,CE,2018.1,0,0,0,1,2018.1
328,1811562644,01 1MACR-MT1,Macroeconomia,Administração,Administração,APM - Aprovado por média,7.7,7.7,6,7.2,7.2,0,0,,2018.1,CE,2018.1,0,0,0,1,2018.1
329,1811562647,01 1MACR-MT2,Macroeconomia,Ciências Econômicas,Ciências Econômicas,APM - Aprovado por média,8,4.5,9,7.1,8,7,0,,2018.1,CE,2018.1,0,0,0,1,2018.1
330,1811562648,01 1MACR-MT2,Macroeconomia,Ciências Econômicas,Ciências Econômicas,APM - Aprovado por média,7.5,6,9,7.4,7.4,0,0,,2018.1,CE,2018.1,0,0,0,1,2018.1
331,1811562649,01 1MACR-MT2,Macroeconomia,Ciências Econômicas,Ciências Econômicas,APM - Aprovado por média,7,7,7.3,7.1,7.1,0,0,,2018.1,CE,2018.1,0,0,0,1,2018.1
332,1811562650,01 1MACR-MT2,Macroeconomia,Ciências Econômicas,Ciências Econômicas,APM - Aprovado por média,10,10,9.3,9.8,9.8,0,0,,2018.1,CE,2018.1,0,0,0,1,2018.1
333,1811562652,01 1MACR-MT2,Macroeconomia,Ciências Econômicas,Ciências Econômicas,APM - Aprovado por média,9.5,8,9.3,8.9,9.4,9.5,0,,2018.1,CE,,,,,,
334,1811562654,01 1MACR-MT2,Macroeconomia,Ciências Econômicas,Ciências Econômicas,APM - Aprovado por média,7.5,9,7.3,8,8,0,0,,2018.1,CE,2018.1,0,0,0,1,2018.1
335,1811562656,01 1MACR-MT2,Macroeconomia,Ciências Econômicas,Ciências Econômicas,APM - Aprovado por média,6.5,4,8.3,6.2,7.6,8,0,,2018.1,CE,2018.1,0,0,0,1,2018.1
336,1811562658,01 1MACR-MT2,Macroeconomia,Ciências Econômicas,Ciências Econômicas,APM - Aprovado por média,8,8.5,7,7.9,7.9,0,0,,2018.1,CE,2018.1,0,0,0,1,2018.1
337,1811562659,01 1MACR-MT2,Macroeconomia,Ciências Econômicas,Ciências Econômicas,APM - Aprovado por média,6,4.5,9.3,6.5,7.2,6.5,0,,2018.1,CE,2018.1,0,0,0,1,2018.1
338,1811562660,01 1MACR-MT2,Macroeconomia,Ciências Econômicas,Ciências Econômicas,APM - Aprovado por média,9.5,9,5.3,8.1,8.1,0,0,,2018.1,CE,2018.1,0,0,0,1,2018.1
339,1811562662,01 1MACR-MT2,Macroeconomia,Ciências Econômicas,Ciências Econômicas,APM - Aprovado por média,9.5,8.5,8,8.7,8.7,0,0,,2018.1,CE,2018.1,0,0,0,1,2018.1
340,1811562665,01 1MACR-MT2,Macroeconomia,Ciências Econômicas,Ciências Econômicas,APM - Aprovado por média,8.5,7,8,7.8,7.8,0,0,,2018.1,CE,2018.1,0,0,0,1,2018.1
341,1811562666,01 1MACR-MT2,Macroeconomia,Ciências Econômicas,Ciências Econômicas,APM - Aprovado por média,8.5,6.5,6,7,7,0,0,,2018.1,CE,2018.1,0,0,0,1,2018.1
342,1811562667,01 1MACR-MT2,Macroeconomia,Ciências Econômicas,Ciências Econômicas,APM - Aprovado por média,4.5,5.5,7,5.6,7.2,9,0,,2018.1,CE,2018.1,0,0,0,1,2018.1
343,1811562669,01 1MACR-MT2,Macroeconomia,Ciências Econômicas,Ciências Econômicas,APM - Aprovado por média,9,8.5,8,8.5,8.5,0,0,,2018.1,CE,2018.1,0,0,0,1,2018.1
344,1811562673,01 1MACR-MT2,Macroeconomia,Ciências Econômicas,Ciências Econômicas,APM - Aprovado por média,7,5.5,8.7,7,8.2,9,0,,2018.1,CE,2018.1,0,0,0,1,2018.1
345,1811562674,01 1MACR-MT2,Macroeconomia,Ciências Econômicas,Ciências Econômicas,APM - Aprovado por média,8,7.5,8.7,8,8,0,0,,2018.1,CE,2018.1,0,0,0,1,2018.1
346,1811562676,01 1MACR-MT2,Macroeconomia,Ciências Econômicas,Ciências Econômicas,REN - Reprovado por Nota,5.5,5.5,4.7,5.3,5.8,7,0,,2018.1,CE,2018.1,0,0,0,1,2018.1
347,1811562678,01 1MACR-MT2,Macroeconomia,Ciências Econômicas,Ciências Econômicas,APM - Aprovado por média,8,8.5,10,8.8,8.8,0,0,,2018.1,CE,2018.1,0,0,0,1,2018.1
348,1811562685,01 1MACR-MT2,Macroeconomia,Ciências Econômicas,Ciências Econômicas,APM - Aprovado por média,10,6,9.3,8.4,8.6,6.5,0,,2018.1,CE,2018.1,0,0,0,1,2018.1
349,1811562686,01 1MACR-MT2,Macroeconomia,Ciências Econômicas,Ciências Econômicas,APM - Aprovado por média,8.5,7,8,7.8,7.8,0,0,,2018.1,CE,2018.1,0,0,0,1,2018.1
350,1811562688,01 1MACR-MT2,Macroeconomia,Ciências Econômicas,Ciências Econômicas,APM - Aprovado por média,6,8.5,8,7.5,7.5,0,0,,2018.1,CE,2018.1,0,0,0,1,2018.1
351,1811562689,01 1MACR-MT2,Macroeconomia,Ciências Econômicas,Ciências Econômicas,APM - Aprovado por média,7.5,8,8.7,8,8,0,0,,2018.1,CE,2018.1,0,0,0,1,2018.1
352,1811562757,01 1MACR-MT1,Macroeconomia,Administração,Administração,REN - Reprovado por Nota,4.3,6.5,7,5.9,5.9,4.4,5,,2018.1,CE,2018.1,0,0,0,1,2018.1
353,1811562758,01 1MACR-MT1,Macroeconomia,Administração,Administração,APM - Aprovado por média,7.6,7.3,6,7,7,0,3,,2018.1,CE,2018.1,0,0,0,1,2018.1
354,1811562759,01 1MACR-MT1,Macroeconomia,Administração,Administração,APM - Aprovado por média,7,6.2,8,7,7,0,0,,2018.1,CE,2018.1,0,0,0,1,2018.1
355,1811562761,01 1MACR-MT1,Macroeconomia,Administração,Administração,APM - Aprovado por média,7.9,6.9,5,6.7,7.6,9.5,0,,2018.1,CE,2018.1,0,0,0,1,2018.1
356,1811562762,01 1MACR-MT1,Macroeconomia,Administração,Administração,APM - Aprovado por média,9.7,7.4,8,8.4,8.4,0,1,,2018.1,CE,2018.1,0,0,0,1,2018.1
357,1811562763,01 1MACR-MT1,Macroeconomia,Administração,Administração,APM - Aprovado por média,7.3,7.7,6,7,7,0,0,,2018.1,CE,2018.1,0,0,0,1,2018.1
358,1811562764,01 1MACR-MT1,Macroeconomia,Administração,Administração,APM - Aprovado por média,9.7,6.2,6,7.4,7.4,0,2,,2018.1,CE,2018.1,0,0,0,1,2018.1
359,1811562767,01 1MACR-MT1,Macroeconomia,Administração,Administração,APM - Aprovado por média,5.7,7.5,8,7,7,0,2,,2018.1,CE,2018.1,0,0,0,1,2018.1
360,1811562768,01 1MACR-MT1,Macroeconomia,Administração,Administração,APM - Aprovado por média,9.2,9.6,8,9,9,0,2,,2018.1,CE,2018.1,0,0,0,1,2018.1
361,1811562775,01 1MACR-MT2,Macroeconomia,Ciências Econômicas,Ciências Econômicas,APM - Aprovado por média,7.5,7.5,8,7.6,7.6,0,0,,2018.1,CE,2018.1,0,0,0,1,2018.1
362,1811562776,01 1MACR-MT2,Macroeconomia,Ciências Econômicas,Ciências Econômicas,APM - Aprovado por média,8.5,8.5,10,9,9,0,0,,2018.1,CE,2018.1,0,0,0,1,2018.1
363,1811562778,01 1MACR-MT2,Macroeconomia,Ciências Econômicas,Ciências Econômicas,APM - Aprovado por média,8.5,9.5,7.3,8.5,8.5,0,0,,2018.1,CE,2018.1,0,0,0,1,2018.1
364,1811562779,01 1MACR-MT2,Macroeconomia,Ciências Econômicas,Ciências Econômicas,APM - Aprovado por média,7.5,7.5,8.7,7.9,7.9,0,0,,2018.1,CE,2018.1,0,0,0,1,2018.1
365,1811562782,01 1MACR-MT2,Macroeconomia,Ciências Econômicas,Ciências Econômicas,APM - Aprovado por média,3.5,5.5,7.3,5.3,7,8.3,0,,2018.1,CE,2018.1,0,0,0,1,2018.1
366,1811562783,01 1MACR-MT2,Macroeconomia,Ciências Econômicas,Ciências Econômicas,APM - Aprovado por média,7.5,6.5,8,7.3,7.3,0,0,,2018.1,CE,2018.1,0,0,0,1,2018.1
367,1811562784,01 1MACR-MT2,Macroeconomia,Ciências Econômicas,Ciências Econômicas,APM - Aprovado por média,8,6.5,8.7,7.7,7.7,0,0,,2018.1,CE,2018.1,0,0,0,1,2018.1
368,1811562785,01 1MACR-MT2,Macroeconomia,Ciências Econômicas,Ciências Econômicas,APM - Aprovado por média,10,9.5,10,9.8,9.8,0,0,,2018.1,CE,2018.1,0,0,0,1,2018.1
369,1811562791,01 1MACR-MT2,Macroeconomia,Ciências Econômicas,Ciências Econômicas,APM - Aprovado por média,9,9.5,10,9.5,9.5,0,0,,2018.1,CE,2018.1,0,0,0,1,2018.1
370,1811562794,01 1MACR-MT2,Macroeconomia,Ciências Econômicas,Ciências Econômicas,REN - Reprovado por Nota,3.5,5,7.3,5.2,5.7,5,0,,2018.1,CE,2018.1,0,0,0,1,2018.1
371,1811562798,01 1MACR-MT2,Macroeconomia,Ciências Econômicas,Ciências Econômicas,APM - Aprovado por média,10,6.5,8.7,8.4,8.4,0,0,,2018.1,CE,2018.1,0,0,0,1,2018.1
372,1811562800,01 1MACR-MT2,Macroeconomia,Ciências Econômicas,Ciências Econômicas,APM - Aprovado por média,5,7.5,7,6.5,7.2,7,0,,2018.1,CE,2018.1,0,0,0,1,2018.1
373,1811562826,01 1MACR-MT2,Macroeconomia,Ciências Econômicas,Ciências Econômicas,REN - Reprovado por Nota,3.5,4,5.3,4.2,4.7,5,0,,2018.1,CE,2018.1,0,0,0,1,2018.1
374,1811562851,01 1MACR-MT1,Macroeconomia,Administração,Administração,REN - Reprovado por Nota,6.7,6.7,5,6.2,6.2,5,2,,2018.1,CE,2018.1,0,0,0,1,2018.1
375,1811562854,01 1MACR-MT1,Macroeconomia,Administração,Administração,APM - Aprovado por média,7,5.7,8,6.8,7.6,7.9,1,,2018.1,CE,2018.1,0,0,0,1,2018.1
376,1811562903,01 1MACR-MT1,Macroeconomia,Administração,Administração,APM - Aprovado por média,7.6,7.3,8,7.6,7.6,0,2,,2018.1,CE,2018.1,0,0,0,1,2018.1
377,1811563331,01 1MACR-MT1,Macroeconomia,Administração,Administração,APM - Aprovado por média,9.1,9,9,9,9,0,2,,2018.1,CE,2018.1,0,0,0,1,2018.1
378,1811563332,01 1MACR-MT1,Macroeconomia,Administração,Administração,APM - Aprovado por média,5.6,9.3,7,7.3,7.3,0,0,,2018.1,CE,2018.1,0,0,0,1,2018.1
379,1811563342,01 1MACR-MT1,Macroeconomia,Administração,Administração,APM - Aprovado por média,7.4,7.7,7,7.4,7.4,0,0,,2018.1,CE,2018.1,0,0,0,1,2018.1
380,1811563625,01 1MACR-MT2,Macroeconomia,Ciências Econômicas,Ciências Econômicas,REN - Reprovado por Nota,2.5,4.5,6,4.2,5.6,6.2,0,,2018.1,CE,2018.1,0,0,0,1,2018.1
381,1811563628,01 1MACR-MT1,Macroeconomia,Administração,Administração,REN - Reprovado por Nota,6.5,5,6,5.8,5.9,5.3,0,,2018.1,CE,2018.1,0,0,0,1,2018.1
382,1811563668,01 1MACR-MT1,Macroeconomia,Administração,Administração,APM - Aprovado por média,9.1,7.8,7,8,8,0,3,,2018.1,CE,2018.1,0,0,0,1,2018.1
383,1811563801,01 1MACR-MT1,Macroeconomia,Administração,Administração,APM - Aprovado por média,4.9,9.1,7,7,7,0,0,,2018.1,CE,2018.1,0,0,0,1,2018.1
384,1811563804,01 1MACR-MT2,Macroeconomia,Ciências Econômicas,Ciências Econômicas,APM - Aprovado por média,7,6.5,9.3,7.5,7.5,0,0,,2018.1,CE,2018.1,0,0,0,1,2018.1
385,1811563822,01 1MACR-MT1,Macroeconomia,Administração,Administração,APM - Aprovado por média,10,9,8,9,9,0,2,,2018.1,CE,2018.1,0,0,0,1,2018.1
386,1811563839,01 1MACR-MT1,Macroeconomia,Administração,Administração,APM - Aprovado por média,7,8,7,7.4,7.4,0,0,,2018.1,CE,2018.1,0,0,0,1,2018.1
387,1811563861,01 1MACR-MT2,Macroeconomia,Ciências Econômicas,Ciências Econômicas,APM - Aprovado por média,7.5,8.5,8,8,8,0,0,,2018.1,CE,2018.1,0,0,0,1,2018.1
388,1811563868,01 1MACR-MT2,Macroeconomia,Ciências Econômicas,Ciências Econômicas,APM - Aprovado por média,10,7,7,8,8,0,0,,2018.1,CE,2018.1,0,0,0,1,2018.1
389,1811563869,01 1MACR-MT2,Macroeconomia,Ciências Econômicas,Ciências Econômicas,APM - Aprovado por média,10,10,10,10,10,0,0,,2018.1,CE,2018.1,0,0,0,1,2018.1
390,1811563885,01 1MACR-MT2,Macroeconomia,Ciências Econômicas,Ciências Econômicas,APM - Aprovado por média,8.5,6.5,7.3,7.4,7.4,0,0,,2018.1,CE,2018.1,0,0,0,1,2018.1
391,1811563915,01 1MACR-MT1,Macroeconomia,Administração,Administração,APM - Aprovado por média,8.7,7.6,8,8.1,8.1,0,3,,2018.1,CE,2018.1,0,0,0,1,2018.1
392,1811563963,01 1MACR-MT1,Macroeconomia,Administração,Administração,APM - Aprovado por média,9.4,7.8,9,8.7,8.7,0,0,,2018.1,CE,2018.1,0,0,0,1,2018.1
393,1811563965,01 1MACR-MT1,Macroeconomia,Administração,Administração,REN - Reprovado por Nota,4.4,4.8,8,5.6,5.6,0.5,4,,2018.1,CE,2018.1,0,0,0,1,2018.1
394,1811563969,01 1MACR-MT1,Macroeconomia,Administração,Administração,APM - Aprovado por média,7.7,9.3,7,8,8,0,2,,2018.1,CE,2018.1,0,0,0,1,2018.1
395,1811564011,01 1MACR-MT2,Macroeconomia,Ciências Econômicas,Ciências Econômicas,APM - Aprovado por média,6,5,8,6.2,7,7,0,,2018.1,CE,2018.1,0,0,0,1,2018.1
396,1811564012,01 1MACR-MT2,Macroeconomia,Ciências Econômicas,Ciências Econômicas,APM - Aprovado por média,6.5,7.5,7.3,7.1,7.1,0,0,,2018.1,CE,,,,,,
397,1811564014,01 1MACR-MT1,Macroeconomia,Administração,Administração,APM - Aprovado por média,8,7,7,7.4,7.4,0,0,,2018.1,CE,2018.1,0,0,0,1,2018.1
398,1811564015,01 1MACR-MT2,Macroeconomia,Ciências Econômicas,Ciências Econômicas,REN - Reprovado por Nota,5,4.5,7,5.4,5.4,4,0,,2018.1,CE,2018.1,0,0,0,1,2018.1
399,1811564017,01 1MACR-MT2,Macroeconomia,Ciências Econômicas,Ciências Econômicas,REN - Reprovado por Nota,3,1,9.3,4.2,5.9,6,0,,2018.1,CE,2018.1,0,0,0,1,2018.1
400,1811564021,01 1MACR-MT2,Macroeconomia,Ciências Econômicas,Ciências Econômicas,APM - Aprovado por média,7,7,8,7.3,7.3,0,0,,2018.1,CE,2018.1,0,0,0,1,2018.1
401,1811564023,01 1MACR-MT1,Macroeconomia,Administração,Administração,REN - Reprovado por Nota,0,0,6,1.8,1.8,0,2,,2018.1,CE,2018.1,0,0,0,1,2018.1
402,1811564026,01 1MACR-MT1,Macroeconomia,Administração,Administração,REN - Reprovado por Nota,3.7,4.6,4,4.1,4.1,0.4,0,,2018.1,CE,2018.1,0,0,0,1,2018.1
403,1811564067,01 1MACR-MT1,Macroeconomia,Administração,Administração,APM - Aprovado por média,7.6,9.8,6,7.9,7.9,0,0,,2018.1,CE,2018.1,0,0,0,1,2018.1
404,1811564267,01 1MACR-MT2,Macroeconomia,Ciências Econômicas,Ciências Econômicas,APM - Aprovado por média,9,7,8,8,8,0,0,,2018.1,CE,2018.1,0,0,0,1,2018.1
405,1811564869,01 1MACR-MT2,Macroeconomia,Ciências Econômicas,Ciências Econômicas,APM - Aprovado por média,6.5,3,8.3,5.8,8.1,9.5,0,,2018.1,CE,2018.1,0,0,0,1,2018.1
406,1811565273,01 1MACR-MT1,Macroeconomia,Administração,Administração,REN - Reprovado por Nota,0.2,0,7,2.2,3.4,3.5,1,,2018.1,CE,2018.1,0,0,0,1,2018.1
407,1811565282,01 1MACR-MT1,Macroeconomia,Administração,Administração,REN - Reprovado por Nota,5.3,0,6,3.7,6.1,7,1,,2018.1,CE,2018.1,0,0,0,1,2018.1
408,1811562565,01 1MICR-MT2,Microeconomia,Ciências Econômicas,Ciências Econômicas,APM - Aprovado por média,8.05,7,7.08,7.4,7.4,0,0,,2018.1,CE,2018.1,0,0,0,1,2018.1
409,1811562586,01 1MICR-MT1,Microeconomia,Administração,Administração,APM - Aprovado por média,8.7,8.3,8,8.4,8.4,0,2,,2018.1,CE,2018.1,0,0,0,1,2018.1
410,1811562591,01 1MICR-MT1,Microeconomia,Administração,Administração,APM - Aprovado por média,9.2,8.6,8.5,8.8,8.8,0,2,,2018.1,CE,2018.1,0,0,0,1,2018.1
411,1811562595,01 1MICR-MT1,Microeconomia,Administração,Administração,APM - Aprovado por média,5,8.9,7,7,7,0,2,,2018.1,CE,2018.1,0,0,0,1,2018.1
412,1811562596,01 1MICR-MT1,Microeconomia,Administração,Administração,APM - Aprovado por média,10,9.3,10,9.8,9.8,0,0,,2018.1,CE,2018.1,0,0,0,1,2018.1
413,1811562597,01 1MICR-MT1,Microeconomia,Administração,Administração,APM - Aprovado por média,8.3,9.3,9,8.9,8.9,0,0,,2018.1,CE,2018.1,0,0,0,1,2018.1
414,1811562609,01 1MICR-MT1,Microeconomia,Administração,Administração,APM - Aprovado por média,6.3,8.9,8,7.7,7.7,0,0,,2018.1,CE,2018.1,0,0,0,1,2018.1
415,1811562610,01 1MICR-MT1,Microeconomia,Administração,Administração,APM - Aprovado por média,7.6,8.4,7.5,7.8,7.8,0,1,,2018.1,CE,2018.1,0,0,0,1,2018.1
416,1811562612,01 1MICR-MT1,Microeconomia,Administração,Administração,APM - Aprovado por média,7.5,8.5,7.5,7.8,7.8,0,2,,2018.1,CE,2018.1,0,0,0,1,2018.1
417,1811562614,01 1MICR-MT1,Microeconomia,Administração,Administração,APM - Aprovado por média,5.9,7.7,7.5,7,7,0,3,,2018.1,CE,2018.1,0,0,0,1,2018.1
418,1811562615,01 1MICR-MT1,Microeconomia,Administração,Administração,APM - Aprovado por média,8.2,8.8,7.5,8.2,8.2,0,2,,2018.1,CE,2018.1,0,0,0,1,2018.1
419,1811562617,01 1MICR-MT1,Microeconomia,Administração,Administração,APM - Aprovado por média,7.8,7.1,8,7.6,7.6,0,2,,2018.1,CE,2018.1,0,0,0,1,2018.1
420,1811562619,01 1MICR-MT1,Microeconomia,Administração,Administração,APM - Aprovado por média,5.5,5.5,8.5,6.4,7,7.2,7,,2018.1,CE,2018.1,0,0,0,1,2018.1
421,1811562620,01 1MICR-MT1,Microeconomia,Administração,Administração,APM - Aprovado por média,7.8,7.7,8.5,8,8,0,0,,2018.1,CE,2018.1,0,0,0,1,2018.1
422,1811562621,01 1MICR-MT1,Microeconomia,Administração,Administração,APM - Aprovado por média,7.6,5.5,8.5,7.1,7.7,7,0,,2018.1,CE,2018.1,0,0,0,1,2018.1
423,1811562624,01 1MICR-MT1,Microeconomia,Administração,Administração,APM - Aprovado por média,7.9,8.4,7,7.8,7.8,0,0,,2018.1,CE,2018.1,0,0,0,1,2018.1
424,1811562630,01 1MICR-MT1,Microeconomia,Administração,Administração,APM - Aprovado por média,9.8,8.7,8.5,9,9,0,2,,2018.1,CE,2018.1,0,0,0,1,2018.1
425,1811562631,01 1MICR-MT1,Microeconomia,Administração,Administração,APM - Aprovado por média,9.2,9.5,7.5,8.8,8.8,0,0,,2018.1,CE,2018.1,0,0,0,1,2018.1
426,1811562633,01 1MICR-MT1,Microeconomia,Administração,Administração,APM - Aprovado por média,8.4,9.4,6,8,8,0,2,,2018.1,CE,2018.1,0,0,0,1,2018.1
427,1811562634,01 1MICR-MT1,Microeconomia,Administração,Administração,APM - Aprovado por média,7.9,8.1,7.5,7.8,7.8,0,2,,2018.1,CE,2018.1,0,0,0,1,2018.1
428,1811562639,01 1MICR-MT1,Microeconomia,Administração,Administração,APM - Aprovado por média,8.4,7.5,7,7.7,7.7,0,0,,2018.1,CE,2018.1,0,0,0,1,2018.1
429,1811562642,01 1MICR-MT1,Microeconomia,Administração,Administração,APM - Aprovado por média,7.1,9,7.5,7.9,7.9,0,1,,2018.1,CE,2018.1,0,0,0,1,2018.1
430,1811562643,01 1MICR-MT1,Microeconomia,Administração,Administração,APM - Aprovado por média,9,8.5,6,7.9,7.9,0,1,,2018.1,CE,2018.1,0,0,0,1,2018.1
431,1811562644,01 1MICR-MT1,Microeconomia,Administração,Administração,APM - Aprovado por média,0,8.9,9.5,6,8.6,7.5,0,,2018.1,CE,2018.1,0,0,0,1,2018.1
432,1811562647,01 1MICR-MT2,Microeconomia,Ciências Econômicas,Ciências Econômicas,REN - Reprovado por Nota,5.95,4.75,7.34,6,6,5,4,,2018.1,CE,2018.1,0,0,0,1,2018.1
433,1811562648,01 1MICR-MT2,Microeconomia,Ciências Econômicas,Ciências Econômicas,APM - Aprovado por média,8.2,7.5,7.39,7.7,7.7,0,4,,2018.1,CE,2018.1,0,0,0,1,2018.1
434,1811562649,01 1MICR-MT2,Microeconomia,Ciências Econômicas,Ciências Econômicas,APM - Aprovado por média,8.2,5.75,9.7,7.8,7.8,0,0,,2018.1,CE,2018.1,0,0,0,1,2018.1
435,1811562650,01 1MICR-MT2,Microeconomia,Ciências Econômicas,Ciências Econômicas,APM - Aprovado por média,9.7,9.25,9.65,9.5,9.5,0,0,,2018.1,CE,2018.1,0,0,0,1,2018.1
436,1811562652,01 1MICR-MT2,Microeconomia,Ciências Econômicas,Ciências Econômicas,APM - Aprovado por média,8.4,9.5,10,9.3,9.8,10,0,,2018.1,CE,,,,,,
437,1811562654,01 1MICR-MT2,Microeconomia,Ciências Econômicas,Ciências Econômicas,APM - Aprovado por média,10,9,9.8,9.6,9.6,0,0,,2018.1,CE,2018.1,0,0,0,1,2018.1
438,1811562656,01 1MICR-MT2,Microeconomia,Ciências Econômicas,Ciências Econômicas,APM - Aprovado por média,5.25,6.25,7,6.1,7.1,8,2,,2018.1,CE,2018.1,0,0,0,1,2018.1
439,1811562658,01 1MICR-MT2,Microeconomia,Ciências Econômicas,Ciências Econômicas,APM - Aprovado por média,8.4,9.25,9.06,8.9,8.9,0,0,,2018.1,CE,2018.1,0,0,0,1,2018.1
440,1811562659,01 1MICR-MT2,Microeconomia,Ciências Econômicas,Ciências Econômicas,APM - Aprovado por média,6.5,8,8.42,7.6,7.6,0,0,,2018.1,CE,2018.1,0,0,0,1,2018.1
441,1811562660,01 1MICR-MT2,Microeconomia,Ciências Econômicas,Ciências Econômicas,APM - Aprovado por média,8.7,10,9.7,9.5,9.5,0,0,,2018.1,CE,2018.1,0,0,0,1,2018.1
442,1811562662,01 1MICR-MT2,Microeconomia,Ciências Econômicas,Ciências Econômicas,APM - Aprovado por média,10,9,10,9.6,9.6,0,0,,2018.1,CE,2018.1,0,0,0,1,2018.1
443,1811562665,01 1MICR-MT2,Microeconomia,Ciências Econômicas,Ciências Econômicas,APM - Aprovado por média,10,9,8,9,9,0,0,,2018.1,CE,2018.1,0,0,0,1,2018.1
444,1811562666,01 1MICR-MT2,Microeconomia,Ciências Econômicas,Ciências Econômicas,APM - Aprovado por média,10,9,9.11,9.4,9.4,0,0,,2018.1,CE,2018.1,0,0,0,1,2018.1
445,1811562667,01 1MICR-MT2,Microeconomia,Ciências Econômicas,Ciências Econômicas,APM - Aprovado por média,7.8,6.75,8.42,7.6,7.6,0,0,,2018.1,CE,2018.1,0,0,0,1,2018.1
446,1811562669,01 1MICR-MT2,Microeconomia,Ciências Econômicas,Ciências Econômicas,APM - Aprovado por média,8.2,8,7.6,8,8,0,0,,2018.1,CE,2018.1,0,0,0,1,2018.1
447,1811562673,01 1MICR-MT2,Microeconomia,Ciências Econômicas,Ciências Econômicas,APM - Aprovado por média,8.7,9.25,8.37,8.8,8.8,7.1,4,,2018.1,CE,2018.1,0,0,0,1,2018.1
448,1811562674,01 1MICR-MT2,Microeconomia,Ciências Econômicas,Ciências Econômicas,APM - Aprovado por média,6.95,8.5,9.8,8.4,8.4,0,2,,2018.1,CE,2018.1,0,0,0,1,2018.1
449,1811562676,01 1MICR-MT2,Microeconomia,Ciências Econômicas,Ciências Econômicas,APM - Aprovado por média,6.6,9.5,7.39,7.8,7.8,0,6,,2018.1,CE,2018.1,0,0,0,1,2018.1
450,1811562678,01 1MICR-MT2,Microeconomia,Ciências Econômicas,Ciências Econômicas,APM - Aprovado por média,10,7.5,9.11,8.9,8.9,0,0,,2018.1,CE,2018.1,0,0,0,1,2018.1
451,1811562685,01 1MICR-MT2,Microeconomia,Ciências Econômicas,Ciências Econômicas,APM - Aprovado por média,6.75,10,9.11,8.6,8.6,0,0,,2018.1,CE,2018.1,0,0,0,1,2018.1
452,1811562686,01 1MICR-MT2,Microeconomia,Ciências Econômicas,Ciências Econômicas,APM - Aprovado por média,9.4,6.75,8.37,8.2,8.2,0,0,,2018.1,CE,2018.1,0,0,0,1,2018.1
453,1811562688,01 1MICR-MT2,Microeconomia,Ciências Econômicas,Ciências Econômicas,APM - Aprovado por média,7.95,7.5,8.52,8,8,0,0,,2018.1,CE,2018.1,0,0,0,1,2018.1
454,1811562689,01 1MICR-MT2,Microeconomia,Ciências Econômicas,Ciências Econômicas,APM - Aprovado por média,9.2,7,9.55,8.5,8.5,0,2,,2018.1,CE,2018.1,0,0,0,1,2018.1
455,1811562757,01 1MICR-MT1,Microeconomia,Administração,Administração,REN - Reprovado por Nota,4.4,7.1,8,6.4,6.4,3.6,1,,2018.1,CE,2018.1,0,0,0,1,2018.1
456,1811562758,01 1MICR-MT1,Microeconomia,Administração,Administração,APM - Aprovado por média,9,8.3,9,8.8,8.8,0,3,,2018.1,CE,2018.1,0,0,0,1,2018.1
457,1811562759,01 1MICR-MT1,Microeconomia,Administração,Administração,APM - Aprovado por média,7.4,8.3,7.5,7.8,7.8,0,2,,2018.1,CE,2018.1,0,0,0,1,2018.1
458,1811562761,01 1MICR-MT1,Microeconomia,Administração,Administração,APM - Aprovado por média,8.2,6.6,6,7,7,0,4,,2018.1,CE,2018.1,0,0,0,1,2018.1
459,1811562762,01 1MICR-MT1,Microeconomia,Administração,Administração,APM - Aprovado por média,9.8,9.5,7,8.9,8.9,0,2,,2018.1,CE,2018.1,0,0,0,1,2018.1
460,1811562763,01 1MICR-MT1,Microeconomia,Administração,Administração,APM - Aprovado por média,8.2,7.2,6.5,7.3,7.3,0,2,,2018.1,CE,2018.1,0,0,0,1,2018.1
461,1811562764,01 1MICR-MT1,Microeconomia,Administração,Administração,APM - Aprovado por média,9.8,8.5,7.5,8.7,8.7,0,0,,2018.1,CE,2018.1,0,0,0,1,2018.1
462,1811562767,01 1MICR-MT1,Microeconomia,Administração,Administração,APM - Aprovado por média,8.2,8.5,10,8.8,8.8,0,2,,2018.1,CE,2018.1,0,0,0,1,2018.1
463,1811562768,01 1MICR-MT1,Microeconomia,Administração,Administração,APM - Aprovado por média,9.6,8.1,8.5,8.8,8.8,0,0,,2018.1,CE,2018.1,0,0,0,1,2018.1
464,1811562775,01 1MICR-MT2,Microeconomia,Ciências Econômicas,Ciências Econômicas,APM - Aprovado por média,8.2,9.5,8.47,8.7,8.7,0,0,,2018.1,CE,2018.1,0,0,0,1,2018.1
465,1811562776,01 1MICR-MT2,Microeconomia,Ciências Econômicas,Ciências Econômicas,APM - Aprovado por média,8.7,10,9.01,9.2,9.2,0,0,,2018.1,CE,2018.1,0,0,0,1,2018.1
466,1811562778,01 1MICR-MT2,Microeconomia,Ciências Econômicas,Ciências Econômicas,APM - Aprovado por média,9.1,6.75,9.11,8.3,8.3,0,4,,2018.1,CE,2018.1,0,0,0,1,2018.1
467,1811562779,01 1MICR-MT2,Microeconomia,Ciências Econômicas,Ciências Econômicas,APM - Aprovado por média,9.75,7.25,7.44,8.2,8.2,0,2,,2018.1,CE,2018.1,0,0,0,1,2018.1
468,1811562782,01 1MICR-MT2,Microeconomia,Ciências Econômicas,Ciências Econômicas,APM - Aprovado por média,7.7,6.5,8.96,7.7,7.7,0,4,,2018.1,CE,2018.1,0,0,0,1,2018.1
469,1811562783,01 1MICR-MT2,Microeconomia,Ciências Econômicas,Ciências Econômicas,APM - Aprovado por média,8.2,7,8.42,7.8,7.8,0,0,,2018.1,CE,2018.1,0,0,0,1,2018.1
470,1811562784,01 1MICR-MT2,Microeconomia,Ciências Econômicas,Ciências Econômicas,APM - Aprovado por média,6,8,9.01,7.6,7.6,0,0,,2018.1,CE,2018.1,0,0,0,1,2018.1
471,1811562785,01 1MICR-MT2,Microeconomia,Ciências Econômicas,Ciências Econômicas,APM - Aprovado por média,7.9,10,10,9.3,9.3,0,4,,2018.1,CE,2018.1,0,0,0,1,2018.1
472,1811562791,01 1MICR-MT2,Microeconomia,Ciências Econômicas,Ciências Econômicas,APM - Aprovado por média,10,9.5,8.62,9.4,9.4,0,0,,2018.1,CE,2018.1,0,0,0,1,2018.1
473,1811562794,01 1MICR-MT2,Microeconomia,Ciências Econômicas,Ciências Econômicas,APM - Aprovado por média,5.95,8.5,8.57,7.6,7.6,0,0,,2018.1,CE,2018.1,0,0,0,1,2018.1
474,1811562798,01 1MICR-MT2,Microeconomia,Ciências Econômicas,Ciências Econômicas,APM - Aprovado por média,8.25,6.5,9.16,7.9,8.6,8.4,2,,2018.1,CE,2018.1,0,0,0,1,2018.1
475,1811562800,01 1MICR-MT2,Microeconomia,Ciências Econômicas,Ciências Econômicas,APM - Aprovado por média,9,8.25,9.11,8.8,8.8,0,0,,2018.1,CE,2018.1,0,0,0,1,2018.1
476,1811562826,01 1MICR-MT2,Microeconomia,Ciências Econômicas,Ciências Econômicas,REN - Reprovado por Nota,5.95,4,6.8,5.5,6.2,6,0,,2018.1,CE,2018.1,0,0,0,1,2018.1
477,1811562851,01 1MICR-MT1,Microeconomia,Administração,Administração,APM - Aprovado por média,7.1,7.7,6.5,7.1,7.1,0,3,,2018.1,CE,2018.1,0,0,0,1,2018.1
478,1811562854,01 1MICR-MT1,Microeconomia,Administração,Administração,APM - Aprovado por média,8.3,9.3,7,8.3,8.3,0,3,,2018.1,CE,2018.1,0,0,0,1,2018.1
479,1811562903,01 1MICR-MT1,Microeconomia,Administração,Administração,APM - Aprovado por média,5,7.5,7.3,6.6,7,6.2,2,,2018.1,CE,2018.1,0,0,0,1,2018.1
480,1811563331,01 1MICR-MT1,Microeconomia,Administração,Administração,APM - Aprovado por média,10,8.7,9,9.2,9.2,0,3,,2018.1,CE,2018.1,0,0,0,1,2018.1
481,1811563332,01 1MICR-MT1,Microeconomia,Administração,Administração,APM - Aprovado por média,7.8,8.5,7,7.8,7.8,0,2,,2018.1,CE,2018.1,0,0,0,1,2018.1
482,1811563342,01 1MICR-MT1,Microeconomia,Administração,Administração,APM - Aprovado por média,9,7.9,9,8.6,8.6,0,2,,2018.1,CE,2018.1,0,0,0,1,2018.1
483,1811563625,01 1MICR-MT2,Microeconomia,Ciências Econômicas,Ciências Econômicas,APM - Aprovado por média,6.2,8,6.8,7,7,0,4,,2018.1,CE,2018.1,0,0,0,1,2018.1
484,1811563628,01 1MICR-MT1,Microeconomia,Administração,Administração,REN - Reprovado por Nota,5.3,7,5.5,6,6,3.2,2,,2018.1,CE,2018.1,0,0,0,1,2018.1
485,1811563668,01 1MICR-MT1,Microeconomia,Administração,Administração,APM - Aprovado por média,5.6,9.5,8.5,7.8,7.8,0,1,,2018.1,CE,2018.1,0,0,0,1,2018.1
486,1811563801,01 1MICR-MT1,Microeconomia,Administração,Administração,APM - Aprovado por média,7.8,9.1,9,8.6,8.6,0,0,,2018.1,CE,2018.1,0,0,0,1,2018.1
487,1811563804,01 1MICR-MT2,Microeconomia,Ciências Econômicas,Ciências Econômicas,APM - Aprovado por média,9.7,8.5,9.5,9.2,9.2,0,0,,2018.1,CE,2018.1,0,0,0,1,2018.1
488,1811563822,01 1MICR-MT1,Microeconomia,Administração,Administração,APM - Aprovado por média,9.8,9.6,9.5,9.6,9.6,0,2,,2018.1,CE,2018.1,0,0,0,1,2018.1
489,1811563839,01 1MICR-MT1,Microeconomia,Administração,Administração,APM - Aprovado por média,8.8,8.3,7.5,8.2,8.2,0,0,,2018.1,CE,2018.1,0,0,0,1,2018.1
490,1811563861,01 1MICR-MT2,Microeconomia,Ciências Econômicas,Ciências Econômicas,APM - Aprovado por média,7.2,8.25,9.8,8.4,8.4,0,4,,2018.1,CE,2018.1,0,0,0,1,2018.1
491,1811563868,01 1MICR-MT2,Microeconomia,Ciências Econômicas,Ciências Econômicas,APM - Aprovado por média,9.7,6.5,7.88,8,8,0,4,,2018.1,CE,2018.1,0,0,0,1,2018.1
492,1811563869,01 1MICR-MT2,Microeconomia,Ciências Econômicas,Ciências Econômicas,APM - Aprovado por média,8.9,9,10,9.3,9.3,0,2,,2018.1,CE,2018.1,0,0,0,1,2018.1
493,1811563885,01 1MICR-MT2,Microeconomia,Ciências Econômicas,Ciências Econômicas,APM - Aprovado por média,7.5,8.25,7.98,7.9,7.9,0,2,,2018.1,CE,2018.1,0,0,0,1,2018.1
494,1811563915,01 1MICR-MT1,Microeconomia,Administração,Administração,APM - Aprovado por média,8.8,8.9,10,9.2,9.2,0,1,,2018.1,CE,2018.1,0,0,0,1,2018.1
495,1811563963,01 1MICR-MT1,Microeconomia,Administração,Administração,APM - Aprovado por média,7.8,8.5,8,8.1,8.1,0,0,,2018.1,CE,2018.1,0,0,0,1,2018.1
496,1811563965,01 1MICR-MT1,Microeconomia,Administração,Administração,APM - Aprovado por média,4,8.2,9,7,7,0,4,,2018.1,CE,2018.1,0,0,0,1,2018.1
497,1811563969,01 1MICR-MT1,Microeconomia,Administração,Administração,APM - Aprovado por média,8.9,7.7,8.5,8.4,8.4,0,2,,2018.1,CE,2018.1,0,0,0,1,2018.1
498,1811564011,01 1MICR-MT2,Microeconomia,Ciências Econômicas,Ciências Econômicas,APM - Aprovado por média,6.6,4.5,7.93,6.3,7,6.6,2,,2018.1,CE,2018.1,0,0,0,1,2018.1
499,1811564014,01 1MICR-MT1,Microeconomia,Administração,Administração,APM - Aprovado por média,8.9,7,7,7.7,7.7,0,0,,2018.1,CE,2018.1,0,0,0,1,2018.1
500,1811564015,01 1MICR-MT2,Microeconomia,Ciências Econômicas,Ciências Econômicas,APM - Aprovado por média,6.4,6.9,7.83,7,7,0,0,,2018.1,CE,2018.1,0,0,0,1,2018.1
501,1811564017,01 1MICR-MT2,Microeconomia,Ciências Econômicas,Ciências Econômicas,APM - Aprovado por média,7.45,6.75,8.42,7.5,7.5,0,2,,2018.1,CE,2018.1,0,0,0,1,2018.1
502,1811564021,01 1MICR-MT2,Microeconomia,Ciências Econômicas,Ciências Econômicas,APM - Aprovado por média,7,9,9.8,8.5,8.5,0,0,,2018.1,CE,2018.1,0,0,0,1,2018.1
503,1811564023,01 1MICR-MT1,Microeconomia,Administração,Administração,APM - Aprovado por média,5.1,8.4,7.5,7,7,2.5,0,,2018.1,CE,2018.1,0,0,0,1,2018.1
504,1811564026,01 1MICR-MT1,Microeconomia,Administração,Administração,REN - Reprovado por Nota,4.7,5,4,4.6,4.6,0,5,,2018.1,CE,2018.1,0,0,0,1,2018.1
505,1811564067,01 1MICR-MT1,Microeconomia,Administração,Administração,APM - Aprovado por média,7.8,8.3,8,8,8,0,0,,2018.1,CE,2018.1,0,0,0,1,2018.1
506,1811564267,01 1MICR-MT2,Microeconomia,Ciências Econômicas,Ciências Econômicas,APM - Aprovado por média,8.75,9.25,9.75,9.2,9.2,0,2,,2018.1,CE,2018.1,0,0,0,1,2018.1
507,1811564869,01 1MICR-MT2,Microeconomia,Ciências Econômicas,Ciências Econômicas,APM - Aprovado por média,8.95,6.25,9.11,8,8,0,0,,2018.1,CE,2018.1,0,0,0,1,2018.1
508,1811565273,01 1MICR-MT1,Microeconomia,Administração,Administração,REN - Reprovado por Nota,4.9,5.2,4,4.7,4.7,0,4,,2018.1,CE,2018.1,0,0,0,1,2018.1
509,1811565282,01 1MICR-MT1,Microeconomia,Administração,Administração,APM - Aprovado por média,5.5,7.2,6.7,6.5,7,7.1,5,,2018.1,CE,2018.1,0,0,0,1,2018.1
510,1811562586,01 1CALC-MT3,Cálculo,Administração,Administração,APM - Aprovado por média,9.2,10,6,8.9,8.9,0,0,,2018.2,MT,2018.1,0.1,0,0.1,2,2018.1
511,1811562591,01 1CALC-MT3,Cálculo,Administração,Administração,APM - Aprovado por média,7.2,8.5,5.5,7.4,7.4,0,0,,2018.2,MT,2018.1,0.1,0,0.1,2,2018.1
512,1811562595,01 1CALC-MT3,Cálculo,Administração,Administração,APM - Aprovado por média,5.5,10,5,7.2,7.2,0,0,,2018.2,MT,2018.1,0.1,0,0.1,2,2018.1
513,1811562614,01 1CALC-MT3,Cálculo,Administração,Administração,APM - Aprovado por média,5.6,5.4,7,5.8,7,8.3,0,,2018.2,MT,2018.1,0.1,0,0.1,2,2018.1
514,1811562619,01 1CALC-MT3,Cálculo,Administração,Administração,APM - Aprovado por média,0.5,7,4,3.8,7,8.5,0,,2018.2,MT,2018.1,0.1,0,0.1,2,2018.1
515,1811562624,01 1CALC-MT3,Cálculo,Administração,Administração,APM - Aprovado por média,8.3,10,5.5,8.4,8.4,0,0,,2018.2,MT,2018.1,0.1,0,0.1,2,2018.1
516,1811562643,01 1CALC-MT3,Cálculo,Administração,Administração,REN - Reprovado por Nota,4.1,4.8,0,3.6,3.6,0,0,,2018.2,MT,2018.1,0.1,0,0.1,2,2018.1
517,1811562644,01 1CALC-MT3,Cálculo,Administração,Administração,APM - Aprovado por média,6.9,10,5,7.8,7.8,0,0,,2018.2,MT,2018.1,0.1,0,0.1,2,2018.1
518,1811562648,01 1CALC-MT3,Cálculo,Administração,Ciências Econômicas,REN - Reprovado por Nota,1.3,6.4,5,4.1,6,6.2,0,,2018.2,MT,2018.1,0.1,0,0.1,2,2018.1
519,1811562649,01 1CALC-MT3,Cálculo,Administração,Ciências Econômicas,APM - Aprovado por média,5,8.5,5,6.4,7.4,7.4,0,,2018.2,MT,2018.1,0.1,0,0.1,2,2018.1
520,1811562656,01 1CALC-MT3,Cálculo,Administração,Ciências Econômicas,REN - Reprovado por Nota,0.5,0,0,0.2,0.2,0,0,,2018.2,MT,2018.1,0.1,0,0.1,2,2018.1
521,1811562666,01 1CALC-MT3,Cálculo,Administração,Ciências Econômicas,APM - Aprovado por média,7.7,10,5.5,8.2,8.2,0,0,,2018.2,MT,2018.1,0.1,0,0.1,2,2018.1
522,1811562673,01 1CALC-MT3,Cálculo,Administração,Ciências Econômicas,APM - Aprovado por média,7.6,10,5.5,8.1,8.1,0,0,,2018.2,MT,2018.1,0.1,0,0.1,2,2018.1
523,1811562688,01 1CALC-MT3,Cálculo,Administração,Ciências Econômicas,APM - Aprovado por média,7.7,10,3,7.7,7.7,0,0,,2018.2,MT,2018.1,0.1,0,0.1,2,2018.1
524,1811562757,01 1CALC-MT1,Cálculo,Administração,Administração,REN - Reprovado por Nota,2.2,1.5,4,2.3,2.3,0,1,,2018.2,MT,2018.1,0.1,0,0.1,2,2018.1
525,1811562759,01 1CALC-MT3,Cálculo,Administração,Administração,APM - Aprovado por média,7.6,3.9,4,5.4,7.5,9.2,0,,2018.2,MT,2018.1,0.1,0,0.1,2,2018.1
526,1811562764,01 1CALC-MT1,Cálculo,Administração,Administração,APM - Aprovado por média,7.3,10,5,7.9,7.9,0,2,,2018.2,MT,2018.1,0.1,0,0.1,2,2018.1
527,1811562775,01 1CALC-MT3,Cálculo,Administração,Ciências Econômicas,APM - Aprovado por média,7.2,8.1,5.5,7.2,7.2,0,0,,2018.2,MT,2018.1,0.1,0,0.1,2,2018.1
528,1811562779,01 1CALC-MT3,Cálculo,Administração,Ciências Econômicas,APM - Aprovado por média,6.8,8.7,6,7.4,7.4,0,0,,2018.2,MT,2018.1,0.1,0,0.1,2,2018.1
529,1811562783,01 1CALC-MT3,Cálculo,Administração,Ciências Econômicas,APM - Aprovado por média,4.7,7.3,3.5,5.5,7,8.4,0,,2018.2,MT,2018.1,0.1,0,0.1,2,2018.1
530,1811562784,01 1CALC-MT3,Cálculo,Administração,Ciências Econômicas,APM - Aprovado por média,4,7,6,5.6,7,7.4,0,,2018.2,MT,2018.1,0.1,0,0.1,2,2018.1
531,1811562794,01 1CALC-MT2,Cálculo,Ciências Econômicas,Ciências Econômicas,REN - Reprovado por Nota,1,0,2.7,0.9,0.9,0,0,,2018.2,MT,2018.1,0.1,0,0.1,2,2018.1
532,1811562798,01 1CALC-MT2,Cálculo,Ciências Econômicas,Ciências Econômicas,REN - Reprovado por Nota,0,0,0,0,0,0,0,,2018.2,MT,2018.1,0.1,0,0.1,2,2018.1
533,1811562800,01 1CALC-MT3,Cálculo,Administração,Ciências Econômicas,REN - Reprovado por Nota,3.5,1.8,0,2.1,2.1,0,0,,2018.2,MT,2018.1,0.1,0,0.1,2,2018.1
534,1811562854,01 1CALC-MT3,Cálculo,Administração,Administração,APM - Aprovado por média,8,9.6,4,7.8,7.8,0,0,,2018.2,MT,2018.1,0.1,0,0.1,2,2018.1
535,1811562903,01 1CALC-MT3,Cálculo,Administração,Administração,REN - Reprovado por Nota,2.6,0,0,1,1,0,0,,2018.2,MT,2018.1,0.1,0,0.1,2,2018.1
536,1811563625,01 1CALC-MT3,Cálculo,Administração,Ciências Econômicas,REN - Reprovado por Nota,1.1,1.3,0,1,1,0,0,,2018.2,MT,2018.1,0.1,0,0.1,2,2018.1
537,1811563668,01 1CALC-MT1,Cálculo,Administração,Administração,APM - Aprovado por média,7.9,10,5.5,8.3,8.3,0,1,,2018.2,MT,2018.1,0.1,0,0.1,2,2018.1
538,1811563969,01 1CALC-MT3,Cálculo,Administração,Administração,APM - Aprovado por média,5.3,8.4,3,6.1,7,7.5,0,,2018.2,MT,2018.1,0.1,0,0.1,2,2018.1
539,1811564021,01 1CALC-MT1,Cálculo,Administração,Administração,APM - Aprovado por média,5.8,9.9,3.5,7,7,0,0,,2018.2,MT,2018.1,0.1,0,0.1,2,2018.1
540,1811564023,01 1CALC-MT3,Cálculo,Administração,Administração,REN - Reprovado por Nota,3.7,0.5,0,1.7,1.7,0,0,,2018.2,MT,2018.1,0.1,0,0.1,2,2018.1
541,1811564026,01 1CALC-MT1,Cálculo,Administração,Administração,REN - Reprovado por Nota,1.2,0.5,0,0.7,0.7,0,2,,2018.2,MT,2018.1,0.1,0,0.1,2,2018.1
542,1811565273,01 1CALC-MT1,Cálculo,Administração,Administração,REN - Reprovado por Nota,0.2,0,0,0.1,0.1,0,6,,2018.2,MT,2018.1,0.1,0,0.1,2,2018.1
543,1821560004,01 1CALC-MT2,Cálculo,Ciências Econômicas,Ciências Econômicas,REN - Reprovado por Nota,4.2,0,0,1.7,1.7,0,0,,2018.2,MT,2018.2,0,0,0,1,2018.2
544,1821560072,01 1CALC-MT1,Cálculo,Administração,Administração,APM - Aprovado por média,4,6,7,5.4,7,8,3,,2018.2,MT,2018.2,0,0,0,1,2018.2
545,1821568463,01 1CALC-MT1,Cálculo,Administração,Administração,REN - Reprovado por Nota,1.5,2.7,5,2.7,2.8,1.9,1,,2018.2,MT,2018.2,0,0,0,1,2018.2
546,1821568468,01 1CALC-MT1,Cálculo,Administração,Administração,REN - Reprovado por Nota,1.4,2.5,1.5,1.9,1.9,0,4,,2018.2,MT,2018.2,0,0,0,1,2018.2
547,1821568474,01 1CALC-MT1,Cálculo,Administração,Administração,REN - Reprovado por Nota,0,0.9,0,0.4,0.4,0,6,,2018.2,MT,2018.2,0,0,0,1,2018.2
548,1821568494,01 1CALC-MT1,Cálculo,Administração,Administração,REN - Reprovado por Nota,0,4.8,4,2.7,4.6,4.7,9,,2018.2,MT,2018.2,0,0,0,1,2018.2
549,1821568499,01 1CALC-MT1,Cálculo,Administração,Administração,REF - Reprovado por Falta,0,0,0,0,0,0,23,,2018.2,MT,2018.2,0,0,0,1,2018.2
550,1821568501,01 1CALC-MT2,Cálculo,Ciências Econômicas,Ciências Econômicas,REN - Reprovado por Nota,5.6,1,4,3.4,3.4,0.3,0,,2018.2,MT,2018.2,0,0,0,1,2018.2
551,1821568508,01 1CALC-MT1,Cálculo,Administração,Administração,REN - Reprovado por Nota,4.1,4.2,5.5,4.4,4.4,2.2,2,,2018.2,MT,2018.2,0,0,0,1,2018.2
552,1821568594,01 1CALC-MT2,Cálculo,Ciências Econômicas,Ciências Econômicas,REN - Reprovado por Nota,0,0,0,0,0,0,0,,2018.2,MT,2018.2,0,0,0,1,2018.2
553,1821568605,01 1CALC-MT1,Cálculo,Administração,Administração,REN - Reprovado por Nota,1.5,3,2,2.2,2.2,1.6,2,,2018.2,MT,2018.2,0,0,0,1,2018.2
554,1821568621,01 1CALC-MT2,Cálculo,Ciências Econômicas,Ciências Econômicas,REN - Reprovado por Nota,0,0.5,3.4,0.9,0.9,0,0,,2018.2,MT,2018.2,0,0,0,1,2018.2
555,1821568628,01 1CALC-MT2,Cálculo,Ciências Econômicas,Ciências Econômicas,REN - Reprovado por Nota,0,0,2,0.4,0.4,0,0,,2018.2,MT,2018.2,0,0,0,1,2018.2
556,1821568638,01 1CALC-MT2,Cálculo,Ciências Econômicas,Ciências Econômicas,REN - Reprovado por Nota,3.8,1.7,6.7,3.5,3.7,2.1,0,,2018.2,MT,2018.2,0,0,0,1,2018.2
557,1821568658,01 1CALC-MT2,Cálculo,Ciências Econômicas,Ciências Econômicas,REN - Reprovado por Nota,3.5,0.7,1.4,2,2,0,0,,2018.2,MT,2018.2,0,0,0,1,2018.2
558,1821568662,01 1CALC-MT2,Cálculo,Ciências Econômicas,Ciências Econômicas,REN - Reprovado por Nota,7.1,1,5.4,4.3,4.9,2.4,0,,2018.2,MT,2018.2,0,0,0,1,2018.2
559,1821568666,01 1CALC-MT2,Cálculo,Ciências Econômicas,Ciências Econômicas,REN - Reprovado por Nota,4.9,0,4,2.8,2.8,0,0,,2018.2,MT,2018.2,0,0,0,1,2018.2
560,1821568669,01 1CALC-MT2,Cálculo,Ciências Econômicas,Ciências Econômicas,REN - Reprovado por Nota,4.8,3.2,4.7,4.1,4.1,1.5,0,,2018.2,MT,2018.2,0,0,0,1,2018.2
561,1821568723,01 1CALC-MT1,Cálculo,Administração,Administração,REN - Reprovado por Nota,3.5,0.6,0,1.6,1.6,0,6,,2018.2,MT,2018.2,0,0,0,1,2018.2
562,1821568724,01 1CALC-MT1,Cálculo,Administração,Administração,REN - Reprovado por Nota,1.5,0.3,0,0.7,0.7,0,9,,2018.2,MT,2018.2,0,0,0,1,2018.2
563,1821568727,01 1CALC-MT1,Cálculo,Administração,Administração,REN - Reprovado por Nota,0,1.8,2,1.1,1.1,0,9,,2018.2,MT,2018.2,0,0,0,1,2018.2
564,1821568730,01 1CALC-MT1,Cálculo,Administração,Administração,APM - Aprovado por média,9.4,0.7,7,5.4,8,7.2,5,,2018.2,MT,2018.2,0,0,0,1,2018.2
565,1821568737,01 1CALC-MT1,Cálculo,Administração,Administração,REN - Reprovado por Nota,3.5,4.7,3,3.9,3.9,0,9,,2018.2,MT,2018.2,0,0,0,1,2018.2
566,1821568742,01 1CALC-MT1,Cálculo,Administração,Administração,REN - Reprovado por Nota,2.7,0.9,0,1.4,1.4,0,5,,2018.2,MT,2018.2,0,0,0,1,2018.2
567,1821568749,01 1CALC-MT1,Cálculo,Administração,Administração,REN - Reprovado por Nota,1.3,0,4,1.3,1.3,0,4,,2018.2,MT,2018.2,0,0,0,1,2018.2
568,1821568750,01 1CALC-MT1,Cálculo,Administração,Administração,REN - Reprovado por Nota,0.2,0.9,0,0.4,0.4,0,1,,2018.2,MT,2018.2,0,0,0,1,2018.2
569,1821568766,01 1CALC-MT1,Cálculo,Administração,Administração,REN - Reprovado por Nota,3.6,5.6,5,4.7,5,4.5,6,,2018.2,MT,2018.2,0,0,0,1,2018.2
570,1821568774,01 1CALC-MT1,Cálculo,Administração,Administração,REN - Reprovado por Nota,0,0.7,0,0.3,0.3,0,12,,2018.2,MT,2018.2,0,0,0,1,2018.2
571,1821568786,01 1CALC-MT2,Cálculo,Ciências Econômicas,Ciências Econômicas,REN - Reprovado por Nota,2.7,0,0,1.1,1.1,0,0,,2018.2,MT,2018.2,0,0,0,1,2018.2
572,1821568801,01 1CALC-MT3,Cálculo,Administração,Administração,REN - Reprovado por Nota,5.3,3.2,3.5,4.1,4.1,0,0,,2018.2,MT,2018.2,0,0,0,1,2018.2
573,1821568802,01 1CALC-MT1,Cálculo,Administração,Administração,REN - Reprovado por Nota,1.1,0.9,0,0.8,0.8,0,10,,2018.2,MT,2018.2,0,0,0,1,2018.2
574,1821568807,01 1CALC-MT1,Cálculo,Administração,Administração,REN - Reprovado por Nota,2.3,1.2,0,1.4,1.4,0,5,,2018.2,MT,2018.2,0,0,0,1,2018.2
575,1821568809,01 1CALC-MT1,Cálculo,Administração,Administração,APM - Aprovado por média,7,7,7,7,7,0,0,,2018.2,MT,2018.2,0,0,0,1,2018.2
576,1821568832,01 1CALC-MT1,Cálculo,Administração,Administração,REN - Reprovado por Nota,3.1,0.8,2,2,2.2,1.3,1,,2018.2,MT,2018.2,0,0,0,1,2018.2
577,1821568840,01 1CALC-MT1,Cálculo,Administração,Administração,REN - Reprovado por Nota,5.9,2.2,2,3.6,3.6,0,6,,2018.2,MT,2018.2,0,0,0,1,2018.2
578,1821568842,01 1CALC-MT1,Cálculo,Administração,Administração,REN - Reprovado por Nota,4.7,2.2,0,2.8,2.8,0,1,,2018.2,MT,2018.2,0,0,0,1,2018.2
579,1821568845,01 1CALC-MT2,Cálculo,Ciências Econômicas,Ciências Econômicas,REN - Reprovado por Nota,2.2,0,2.7,1.4,1.4,0,0,,2018.2,MT,2018.2,0,0,0,1,2018.2
580,1821568849,01 1CALC-MT1,Cálculo,Administração,Administração,REN - Reprovado por Nota,0,2.6,3,1.6,1.6,0,4,,2018.2,MT,2018.2,0,0,0,1,2018.2
581,1821568857,01 1CALC-MT1,Cálculo,Administração,Administração,APM - Aprovado por média,5.9,8.7,9,7.6,7.6,0,0,,2018.2,MT,2018.2,0,0,0,1,2018.2
582,1821568858,01 1CALC-MT1,Cálculo,Administração,Administração,REN - Reprovado por Nota,1.7,1.4,1.5,1.5,1.5,0.2,3,,2018.2,MT,2018.2,0,0,0,1,2018.2
583,1821569014,01 1CALC-MT2,Cálculo,Ciências Econômicas,Ciências Econômicas,REN - Reprovado por Nota,3.6,2.2,4.7,3.3,3.3,0,0,,2018.2,MT,2018.2,0,0,0,1,2018.2
584,1821569016,01 1CALC-MT2,Cálculo,Ciências Econômicas,Ciências Econômicas,APM - Aprovado por média,6.8,9,6.7,7.7,7.7,0,0,,2018.2,MT,2018.2,0,0,0,1,2018.2
585,1821569023,01 1CALC-MT1,Cálculo,Administração,Administração,REN - Reprovado por Nota,2.8,5.4,3,3.9,3.9,0,4,,2018.2,MT,2018.2,0,0,0,1,2018.2
586,1821569238,01 1CALC-MT2,Cálculo,Ciências Econômicas,Ciências Econômicas,REN - Reprovado por Nota,0,0,0,0,0,0,0,,2018.2,MT,2018.2,0,0,0,1,2018.2
587,1821569939,01 1CALC-MT2,Cálculo,Ciências Econômicas,Ciências Econômicas,REN - Reprovado por Nota,5.3,3.2,2,3.8,3.8,0,0,,2018.2,MT,2018.2,0,0,0,1,2018.2
588,1821569978,01 1CALC-MT1,Cálculo,Administração,Administração,REN - Reprovado por Nota,1.9,2.3,3,2.3,2.3,0,3,,2018.2,MT,2018.2,0,0,0,1,2018.2
589,1811562586,02 1CDVV-MT1,Cálculo de várias variáveis,Administração,Administração,APM - Aprovado por média,7.1,7.5,9,7.6,7.6,0,0,,2018.2,MT,2018.1,0.1,0,0.1,2,2018.1
590,1811562591,02 1CDVV-MT1,Cálculo de várias variáveis,Administração,Administração,REN - Reprovado por Nota,6.2,3.9,5,5,5,0,0,,2018.2,MT,2018.1,0.1,0,0.1,2,2018.1
591,1811562595,02 1CDVV-MT1,Cálculo de várias variáveis,Administração,Administração,APM - Aprovado por média,6.6,5.3,6,6,7,7.8,0,,2018.2,MT,2018.1,0.1,0,0.1,2,2018.1
592,1811562596,02 1CDVV-MT1,Cálculo de várias variáveis,Administração,Administração,APM - Aprovado por média,9.7,10,9,9.7,9.7,0,0,,2018.2,MT,2018.1,0.1,0,0.1,2,2018.1
593,1811562609,02 1CDVV-MT1,Cálculo de várias variáveis,Administração,Administração,APM - Aprovado por média,8.6,10,8,9,9,0,0,,2018.2,MT,2018.1,0.1,0,0.1,2,2018.1
594,1811562610,02 1CDVV-MT1,Cálculo de várias variáveis,Administração,Administração,REN - Reprovado por Nota,1.3,1.1,0,1,1,0,0,,2018.2,MT,2018.1,0.1,0,0.1,2,2018.1
595,1811562612,02 1CDVV-MT1,Cálculo de várias variáveis,Administração,Administração,APM - Aprovado por média,6.5,9.4,6,7.6,7.6,0,0,,2018.2,MT,2018.1,0.1,0,0.1,2,2018.1
596,1811562614,02 1CDVV-MT1,Cálculo de várias variáveis,Administração,Administração,REN - Reprovado por Nota,3.4,3.2,6,3.8,3.8,0,0,,2018.2,MT,2018.1,0.1,0,0.1,2,2018.1
597,1811562615,02 1CDVV-MT1,Cálculo de várias variáveis,Administração,Administração,REN - Reprovado por Nota,4.9,6.8,6,5.9,6.4,6.1,0,,2018.2,MT,2018.1,0.1,0,0.1,2,2018.1
598,1811562617,02 1CDVV-MT1,Cálculo de várias variáveis,Administração,Administração,REN - Reprovado por Nota,1.6,1.6,6,2.5,2.5,0,0,,2018.2,MT,2018.1,0.1,0,0.1,2,2018.1
599,1811562619,02 1CDVV-MT1,Cálculo de várias variáveis,Administração,Administração,REN - Reprovado por Nota,2.5,2.9,5.5,3.3,3.3,0,0,,2018.2,MT,2018.1,0.1,0,0.1,2,2018.1
600,1811562620,02 1CDVV-MT1,Cálculo de várias variáveis,Administração,Administração,REN - Reprovado por Nota,3.5,1.1,4,2.6,2.6,0,0,,2018.2,MT,2018.1,0.1,0,0.1,2,2018.1
601,1811562621,02 1CDVV-MT1,Cálculo de várias variáveis,Administração,Administração,REN - Reprovado por Nota,3.2,4.4,8,4.6,4.9,3.8,0,,2018.2,MT,2018.1,0.1,0,0.1,2,2018.1
602,1811562624,02 1CDVV-MT1,Cálculo de várias variáveis,Administração,Administração,APM - Aprovado por média,5.4,9.9,6,7.3,7.3,0,0,,2018.2,MT,2018.1,0.1,0,0.1,2,2018.1
603,1811562630,02 1CDVV-MT1,Cálculo de várias variáveis,Administração,Administração,APM - Aprovado por média,6.9,4.5,7.5,6.1,7.7,8.6,0,,2018.2,MT,2018.1,0.1,0,0.1,2,2018.1
604,1811562631,02 1CDVV-MT1,Cálculo de várias variáveis,Administração,Administração,APM - Aprovado por média,9.8,10,6,9.1,9.1,0,0,,2018.2,MT,2018.1,0.1,0,0.1,2,2018.1
605,1811562633,02 1CDVV-MT1,Cálculo de várias variáveis,Administração,Administração,APM - Aprovado por média,8.4,6.5,7,7.4,7.4,4.9,0,,2018.2,MT,2018.1,0.1,0,0.1,2,2018.1
606,1811562634,02 1CDVV-MT1,Cálculo de várias variáveis,Administração,Administração,REN - Reprovado por Nota,2.5,1.3,4,2.3,2.3,0,0,,2018.2,MT,2018.1,0.1,0,0.1,2,2018.1
607,1811562639,02 1CDVV-MT1,Cálculo de várias variáveis,Administração,Administração,APM - Aprovado por média,9.4,7.6,5,7.8,7.8,0,0,,2018.2,MT,2018.1,0.1,0,0.1,2,2018.1
608,1811562642,02 1CDVV-MT1,Cálculo de várias variáveis,Administração,Administração,REN - Reprovado por Nota,0.5,0,0,0.2,0.2,0,0,,2018.2,MT,2018.1,0.1,0,0.1,2,2018.1
609,1811562643,02 1CDVV-MT1,Cálculo de várias variáveis,Administração,Administração,REN - Reprovado por Nota,3.5,0,0,1.4,1.4,0,0,,2018.2,MT,2018.1,0.1,0,0.1,2,2018.1
610,1811562644,02 1CDVV-MT1,Cálculo de várias variáveis,Administração,Administração,APM - Aprovado por média,8.1,8.2,5.5,7.6,7.6,0,0,,2018.2,MT,2018.1,0.1,0,0.1,2,2018.1
611,1811562649,02 1CDVV-MT2,Cálculo de várias variáveis,Ciências Econômicas,Ciências Econômicas,REN - Reprovado por Nota,6.3,6.2,4,5.8,5.8,4.8,0,,2018.2,MT,2018.1,0.1,0,0.1,2,2018.1
612,1811562650,02 1CDVV-MT2,Cálculo de várias variáveis,Ciências Econômicas,Ciências Econômicas,APM - Aprovado por média,10,9.8,7.5,9.4,9.4,0,0,,2018.2,MT,2018.1,0.1,0,0.1,2,2018.1
613,1811562654,02 1CDVV-MT2,Cálculo de várias variáveis,Ciências Econômicas,Ciências Econômicas,REN - Reprovado por Nota,4.1,5.5,7,5.2,5.2,0.9,0,,2018.2,MT,2018.1,0.1,0,0.1,2,2018.1
614,1811562656,02 1CDVV-MT2,Cálculo de várias variáveis,Ciências Econômicas,Ciências Econômicas,REN - Reprovado por Nota,0.5,0,0,0.2,0.2,0,0,,2018.2,MT,2018.1,0.1,0,0.1,2,2018.1
615,1811562658,02 1CDVV-MT2,Cálculo de várias variáveis,Ciências Econômicas,Ciências Econômicas,APM - Aprovado por média,9.1,9.6,5.5,8.6,8.6,0,0,,2018.2,MT,2018.1,0.1,0,0.1,2,2018.1
616,1811562659,02 1CDVV-MT2,Cálculo de várias variáveis,Ciências Econômicas,Ciências Econômicas,REN - Reprovado por Nota,3.9,0.5,7,3.2,3.2,0,0,,2018.2,MT,2018.1,0.1,0,0.1,2,2018.1
617,1811562660,02 1CDVV-MT2,Cálculo de várias variáveis,Ciências Econômicas,Ciências Econômicas,APM - Aprovado por média,8.1,6.3,5,6.8,7.5,8.2,0,,2018.2,MT,2018.1,0.1,0,0.1,2,2018.1
618,1811562662,02 1CDVV-MT2,Cálculo de várias variáveis,Ciências Econômicas,Ciências Econômicas,REN - Reprovado por Nota,1.3,2.2,0,1.4,1.4,0,0,,2018.2,MT,2018.1,0.1,0,0.1,2,2018.1
619,1811562665,02 1CDVV-MT2,Cálculo de várias variáveis,Ciências Econômicas,Ciências Econômicas,APM - Aprovado por média,9,9.5,7.5,8.9,8.9,0,0,,2018.2,MT,2018.1,0.1,0,0.1,2,2018.1
620,1811562666,02 1CDVV-MT2,Cálculo de várias variáveis,Ciências Econômicas,Ciências Econômicas,APM - Aprovado por média,7.3,6.6,5.5,6.7,7.7,9.2,0,,2018.2,MT,2018.1,0.1,0,0.1,2,2018.1
621,1811562667,02 1CDVV-MT2,Cálculo de várias variáveis,Ciências Econômicas,Ciências Econômicas,REN - Reprovado por Nota,0,0,5.5,1.1,1.1,0,0,,2018.2,MT,2018.1,0.1,0,0.1,2,2018.1
622,1811562669,02 1CDVV-MT2,Cálculo de várias variáveis,Ciências Econômicas,Ciências Econômicas,REN - Reprovado por Nota,3.9,0.4,0,1.7,1.7,0,0,,2018.2,MT,2018.1,0.1,0,0.1,2,2018.1
623,1811562673,02 1CDVV-MT2,Cálculo de várias variáveis,Ciências Econômicas,Ciências Econômicas,APM - Aprovado por média,5.8,8.9,8,7.5,7.5,0,0,,2018.2,MT,2018.1,0.1,0,0.1,2,2018.1
624,1811562674,02 1CDVV-MT2,Cálculo de várias variáveis,Ciências Econômicas,Ciências Econômicas,REN - Reprovado por Nota,0.4,0.1,0,0.2,0.2,0,0,,2018.2,MT,2018.1,0.1,0,0.1,2,2018.1
625,1811562676,02 1CDVV-MT2,Cálculo de várias variáveis,Ciências Econômicas,Ciências Econômicas,REN - Reprovado por Nota,1.9,1.5,0,1.4,1.4,0,0,,2018.2,MT,2018.1,0.1,0,0.1,2,2018.1
626,1811562686,02 1CDVV-MT2,Cálculo de várias variáveis,Ciências Econômicas,Ciências Econômicas,APM - Aprovado por média,6.3,9.3,9.5,8.1,8.1,0,0,,2018.2,MT,2018.1,0.1,0,0.1,2,2018.1
627,1811562688,02 1CDVV-MT2,Cálculo de várias variáveis,Ciências Econômicas,Ciências Econômicas,REN - Reprovado por Nota,2.2,1,0,1.3,1.3,0,0,,2018.2,MT,2018.1,0.1,0,0.1,2,2018.1
628,1811562689,02 1CDVV-MT2,Cálculo de várias variáveis,Ciências Econômicas,Ciências Econômicas,APM - Aprovado por média,7.7,5.4,7.5,6.7,7.9,8.4,0,,2018.2,MT,2018.1,0.1,0,0.1,2,2018.1
629,1811562758,02 1CDVV-MT1,Cálculo de várias variáveis,Administração,Administração,REN - Reprovado por Nota,4.9,4.5,7,5.2,5.2,0,0,,2018.2,MT,2018.1,0.1,0,0.1,2,2018.1
630,1811562759,02 1CDVV-MT1,Cálculo de várias variáveis,Administração,Administração,REN - Reprovado por Nota,4.1,4.8,7,5,5.4,5.2,0,,2018.2,MT,2018.1,0.1,0,0.1,2,2018.1
631,1811562761,02 1CDVV-MT1,Cálculo de várias variáveis,Administração,Administração,APM - Aprovado por média,6.5,3.2,5,4.9,7,8.6,0,,2018.2,MT,2018.1,0.1,0,0.1,2,2018.1
